2956 3886
447 1302 796 1355 Fragmentorum
825 1309 933 1351 quae
962 1308 1013 1339 ex
1043 1295 1272 1338 vetustiore
1304 1294 1561 1338 Graecorum
1595 1297 1711 1350 poesi
1748 1299 1938 1352 elegiaca
1975 1298 2027 1341 ad
2057 1309 2132 1341 nos
2158 1303 2441 1351 pervenerunt
2466 1299 2711 1344 emendatio

314 1375 460 1418 eadem
492 1374 543 1416 de
573 1384 700 1415 causa
730 1369 933 1414 difficilior
963 1367 1087 1411 hodie
1113 1370 1177 1410 est
1205 1366 1446 1419 lentiusque
1473 1369 1674 1421 procedit,
1706 1370 1758 1413 de
1788 1382 1872 1423 qua
1893 1369 2054 1413 facilior
2082 1370 2384 1423 procliviorque
2414 1372 2512 1414 olim
2532 1372 2616 1415 fuit
2633 1373 2707 1416 de·

313 1447 519 1500 pravatio.
575 1444 782 1487 Nimirum
814 1452 952 1485 sermo
982 1444 1212 1495 perpetuus
1241 1439 1294 1482 ab
1321 1452 1404 1484 uno
1433 1440 1486 1483 ad
1507 1441 1689 1484 alterum
1709 1443 1790 1486 rite
1810 1442 2036 1487 traducens
2058 1443 2381 1497 continuumque
2397 1445 2706 1488 sententiarum

313 1517 498 1561 ordinem
528 1514 801 1569 suppeditans
828 1511 1087 1555 intellectum
1119 1510 1342 1564 oculosque
1369 1511 1638 1556 librariorum
1667 1513 1840 1558 adiuvat
1868 1514 2086 1568 ducitque;
2115 1515 2160 1558 in
2190 1515 2436 1569 fragmentis
2465 1516 2542 1560 hoc
2572 1518 2704 1560 admi-

313 1589 450 1633 niculo
488 1587 703 1631 destitutis
739 1587 908 1640 praeter
939 1583 1041 1627 vitia
1072 1584 1268 1638 vulgaria
1301 1583 1423 1627 facile
1459 1585 1589 1628 etiam
1625 1597 1651 1628 a
1692 1588 1873 1641 genuino
1915 1588 1984 1641 qui
2023 1587 2136 1631 inter
2171 1588 2336 1642 singula
2376 1589 2596 1632 enuntiata
2623 1590 2708 1633 suit

313 1674 425 1706 nexu
462 1660 696 1709 aberratur,
727 1669 809 1710 quo
837 1655 887 1700 fit
914 1659 964 1699 ut
992 1667 1129 1710 saepe,
1164 1667 1247 1709 quo
1275 1656 1447 1699 tandem
1485 1661 1647 1711 spectet
1676 1656 1764 1700 sive
1794 1659 1886 1699 tota
1915 1658 2124 1701 sententia
2152 1658 2241 1701 sive
2270 1658 2460 1711 singulae
2487 1659 2576 1702 eius
2604 1671 2704 1713 par-

312 1739 389 1787 tes,
423 1734 630 1777 incertum
668 1731 725 1774 sit
764 1733 893 1783 atque
932 1728 1036 1773 adeo
1074 1740 1248 1782 prorsus
1283 1728 1518 1774 obscurum.
1576 1729 1668 1773 Hoc
1702 1732 1845 1772 autem
1882 1729 1924 1772 in
1962 1729 2137 1785 integris
2173 1729 2340 1783 quidem
2368 1731 2620 1775 carminibus
2649 1744 2704 1775 ex

312 1806 364 1850 iis
392 1817 502 1859 quae
529 1803 787 1858 praecedunt
812 1805 856 1845 et
878 1813 987 1856 quae
1015 1803 1217 1844 secuntur
1243 1800 1359 1844 haud
1385 1800 1607 1844 difficulter
1633 1802 1884 1856 plerumque
1911 1801 2136 1856 colligitur,
2169 1803 2212 1844 in
2239 1802 2303 1845 his
2330 1801 2577 1857 fragmentis
2607 1817 2703 1848 cum

311 1892 366 1922 ex
393 1878 491 1932 ipsis
520 1877 622 1920 locis
648 1875 858 1930 corruptis
876 1875 1180 1919 enucleandum
1210 1874 1275 1925 sit,
1306 1874 1547 1927 diligentius
1568 1874 1691 1917 solito
1722 1874 1945 1927 acriusque
1964 1874 2006 1917 in
2034 1875 2144 1918 hanc
2171 1887 2261 1918 rem
2287 1875 2582 1929 inquirendum
2613 1880 2699 1920 est:

312 1956 362 1995 ut
387 1963 442 1995 ex
469 1950 520 1994 ils
550 1961 660 2002 quae
689 1949 850 2001 reliqua
879 1947 930 1990 de
959 1946 1151 2001 genuinis
1178 1948 1278 1988 sunt
1305 1946 1521 1988 consilium
1547 1950 1697 2000 poetae
1726 1947 1789 1991 ita
1812 1948 2111 2001 perspiciamus
2140 1951 2189 1990 ut
2216 1949 2424 2002 corruptis
2451 1953 2608 1992 certam
2627 1951 2702 1993 ad·

312 2024 456 2067 hibere
486 2022 693 2078 possimus
721 2020 979 2063 medicinam.
1024 2019 1102 2062 Cui
1130 2019 1189 2062 rei
1219 2019 1350 2062 multo
1381 2019 1518 2061 minus
1544 2019 1671 2062 etiam
1704 2031 1832 2072 quam
1864 2019 1975 2071 alibi,
2004 2021 2049 2063 in
2076 2020 2141 2063 his
2171 2020 2356 2072 reliquiis
2384 2022 2543 2065 truncis
2575 2023 2702 2066 muti·

311 2096 446 2150 lisque
477 2094 644 2146 sufficit,
683 2092 929 2147 temptando
970 2091 1136 2146 singula
1164 2091 1500 2135 emendationem
1530 2103 1746 2145 quaerere,
1777 2094 1859 2136 imo
1897 2093 1952 2136 ad
1989 2093 2252 2147 dissipandas
2288 2094 2519 2148 singulares
2548 2095 2703 2149 quibus

313 2167 415 2210 haec
451 2166 663 2221 fragmina
691 2167 841 2219 operta
878 2169 979 2207 sunt
1021 2163 1219 2218 caligines
1256 2175 1424 2207 necesse
1456 2167 1521 2207 est
1553 2167 1600 2207 ut
1628 2165 1882 2218 comparatis
1919 2165 2096 2220 singulis
2135 2177 2314 2218 quorum
2345 2166 2525 2219 vestigia
2553 2179 2701 2221 super·

312 2244 411 2284 sunt
452 2239 573 2282 dictis
611 2237 828 2281 cuiusnam
867 2237 939 2279 illa
979 2236 1211 2280 sententiae
1244 2236 1407 2279 latioris
1445 2239 1589 2289 partes
1627 2238 1789 2290 possint
1821 2237 1951 2281 fuisse
1979 2240 2151 2282 strenue
2181 2239 2446 2291 pensitemus.
2504 2238 2547 2283 Si
2584 2244 2703 2283 certa

314 2312 522 2364 sententia
553 2309 713 2354 definiri
742 2310 903 2362 nequit,
935 2310 1097 2352 incerta
1121 2311 1265 2352 manet
1293 2309 1570 2364 emendatio„
1599 2309 1663 2353 sin
1693 2322 1859 2353 summa
1889 2311 2098 2354 sententia
2126 2311 2168 2353 in
2197 2315 2345 2365 aperto
2375 2314 2449 2361 est,
2480 2311 2559 2355 hac
2593 2313 2702 2357 duce

312 2384 478 2437 singula
508 2383 710 2425 adcurate
745 2381 980 2425 tractanda.
1034 2382 1070 2425 si
1102 2382 1298 2436 denique,
1329 2381 1440 2434 quod
1469 2382 1607 2426 rarius
1644 2381 1704 2433 fit,
1735 2384 1921 2436 plurium
1953 2384 2258 2427 sententiarum
2287 2384 2399 2438 optio
2429 2385 2566 2438 datur,
2608 2388 2700 2429 ten-

312 2459 413 2502 tatis
447 2457 621 2512 singulis
658 2468 709 2499 ea
747 2454 1023 2507 praeferenda.
1059 2467 1111 2498 ex
1153 2466 1238 2507 qua
1274 2454 1454 2496 maxime
1492 2454 1679 2497 codicum
1718 2455 2039 2508 depravationes
2077 2451 2352 2508 explicentur.
2410 2457 2528 2500 'Hanc
2568 2458 2700 2511 igitur

313 2530 582 2583 Theognidea
606 2527 817 2571 tractandi
836 2527 1042 2570 rationem
1068 2527 1110 2569 in
1140 2527 1218 2569 hac
1248 2526 1599 2569 commentatione
1628 2527 1835 2580 explicare
1855 2528 2138 2582 exemplisque
2156 2528 2379 2570 inlustrare
2399 2530 2439 2570 in
2461 2530 2599 2572 animo
2620 2533 2700 2573 est.

445 2673 562 2724 Quae
595 2685 630 2715 v.
666 2674 744 2713 575
768 2682 852 2724 seq.
884 2671 1105 2724 leguntur:

847 2743 904 2786 Οἵ
929 2759 983 2797 με
1015 2742 1139 2800 φίλοι
1169 2742 1465 2796 προδιδοῦσιν,
1496 2741 1595 2785 ἐπεὶ
1624 2739 1701 2785 τόν
1727 2743 1762 2798 γ’
1795 2741 1955 2797 ἐχθρὸν
1983 2739 2169 2798 ἄλεῦμαι

400 2854 402 2858 ,
897 2812 1009 2858 ὥστε
1040 2811 1300 2872 κυβερνήτης
1329 2810 1532 2869 χοιράδας
1561 2811 1758 2866 εἰναλίας.

313 2892 401 2931 tam
430 2888 571 2931 inania
598 2890 709 2938 sunt,
730 2890 779 2929 ut
807 2891 1002 2942 apertum
1031 2888 1085 2930 sit
1116 2887 1378 2940 singularum
1409 2886 1593 2939 partium
1624 2886 1735 2939 quod
1764 2887 1863 2929 olim
1891 2885 1972 2929 fuit
1989 2887 2199 2930 vinculum
2225 2899 2396 2940 prorsus
2422 2890 2695 2932 immutatum

313 2972 414 3004 esse.
472 2959 565 3002 Non
600 2959 833 3003 restituisse
865 2959 970 3002 illud
1007 2960 1080 3012 qui
1121 2962 1361 3002 tentarunt:
1403 2957 1450 2999 οἵ
1482 2973 1537 3011 με
1566 2957 1689 3014 φίλοι
1723 2959 1995 3013 προδιδοῦσι,
2028 2956 2165 3015 μάτην
2194 2957 2380 3014 ἐχθρούς
2416 2953 2480 3014 ἆρ’
2511 2958 2695 3015 ἄλεῧμαι

311 3037 354 3076 et
383 3032 429 3074 οἵ
454 3047 508 3086 με
538 3031 660 3089 φίλοι
687 3031 985 3086 προδιδοῦσιν,
1021 3030 1219 3074 ἐπίστιον
1255 3026 1415 3083 ἐχθρὸν
1452 3022 1634 3085 ἆλεῦμαι
1671 3035 1713 3073 et
1754 3030 1801 3074 οἵ
1833 3047 1887 3085 με
1924 3031 2046 3088 φίλοι
2084 3032 2379 3086 προδιδοῦσιν,
2420 3029 2499 3087 ἐγώ
2541 3031 2588 3074 δὲ
2618 3029 2696 3075 τὸν

313 3100 474 3158 ἐχθρὸν
503 3098 697 3158 ἅλεῦμαι,
726 3104 800 3158 ipsi
837 3116 919 3146 non
949 3104 1095 3147 dubito
1125 3104 1225 3156 quin
1254 3103 1470 3146 senserint.
1502 3102 1602 3156 quid
1630 3102 1785 3155 igitur?
1823 3103 1916 3145 Duo
1948 3106 2166 3147 enuntiata
2194 3107 2312 3146 sunt:
2340 3100 2475 3146 ‘amici
2506 3116 2571 3147 me
2600 3117 2694 3158 pro-

311 3168 430 3219 dunt'
461 3179 505 3220 et
530 3172 758 3219 ‘inimicum
785 3181 898 3220 certe
925 3170 1066 3229 fugio'.
1123 3177 1214 3218 Iam
1245 3175 1446 3229 cogitanti
1476 3176 1684 3228 quomodo
1716 3175 1818 3218 haec
1853 3176 2069 3230 potuerint
2100 3177 2212 3220 inter
2244 3188 2289 3219 se
2318 3188 2475 3219 conexa
2508 3188 2613 3228 esse,
2649 3177 2693 3220 in

311 3251 496 3292 mentem
524 3248 665 3293 veniet
693 3250 902 3292 sententia
932 3252 1155 3302 utrumque
1186 3247 1486 3302 complectens:
1520 3242 1700 3291 ‘etiamsi
1729 3260 1795 3290 me
1823 3248 1947 3291 amici
1977 3247 2172 3302 produnt,
2202 3251 2343 3291 tamen
2373 3247 2583 3289 inimicum
2610 3249 2694 3291 uti—

312 3332 394 3374 que
422 3320 538 3374 fugio
572 3314 678 3371 cet.',
717 3332 895 3373 eamque
924 3321 1147 3374 genuinam
1177 3320 1432 3363 sententiam
1462 3330 1553 3362 esse
1583 3320 1710 3362 etiam
1740 3320 1888 3363 vocula
1921 3319 1968 3375 γὲ
1995 3323 2212 3373 tamquam
2240 3320 2358 3363 testis
2387 3319 2572 3372 locuples
2597 3331 2693 3363 con—

311 3393 465 3436 firmat.
495 3392 612 3436 Haec
641 3396 782 3435 autem
809 3392 1018 3435 sententia
1048 3392 1344 3443 enuntiabitur,
1377 3392 1412 3433 si
1442 3390 1510 3433 ubi
1541 3403 1650 3434 nunc
1679 3390 1778 3433 ἐπεὶ
1806 3393 1974 3446 legitur,
2013 3390 2155 3447 ἔμπης
2183 3392 2467 3444 scripserimus
2499 3395 2541 3435 et
2572 3393 2692 3435 initio

312 3460 377 3506 κεί
405 3476 482 3517 pro
515 3459 570 3507 οἱ.
629 3463 669 3506 Si
700 3463 829 3517 igitur
859 3464 1180 3508 correxerimus:
