<?xml version="1.0" encoding="UTF-8"?>
<!DOCTYPE html PUBLIC "-//W3C//DTD XHTML 1.0 Transitional//EN"
    "http://www.w3.org/TR/xhtml1/DTD/xhtml1-transitional.dtd">
<html xmlns="http://www.w3.org/1999/xhtml" xml:lang="en" lang="en">
 <head>
  <title>
</title>
<meta http-equiv="Content-Type" content="text/html;charset=utf-8" />
  <meta name='ocr-system' content='tesseract 3.04.00' />
  <meta name='ocr-capabilities' content='ocr_page ocr_carea ocr_par ocr_line ocrx_word'/>
</head>
<body>
  <div class='ocr_page' id='page_1' title='image "./emendationestheo00heimuoft_0063.png"; bbox 0 0 2930 3880; ppageno 0'>
   <div class='ocr_carea' id='block_1_1' title="bbox 1338 401 1385 440">
    <p class='ocr_par' dir='ltr' id='par_1_1' title="bbox 1338 401 1385 440">
     <span class='ocr_line' id='line_1_1' title="bbox 1338 401 1385 440; baseline -0.021 0"><span class='ocrx_word' id='word_1_1' title='bbox 1338 401 1385 440; x_wconf 84' lang='lat'><strong>15</strong></span> 
     </span>
    </p>
   </div>
   <div class='ocr_carea' id='block_1_2' title="bbox 160 521 2556 1152">
    <p class='ocr_par' dir='ltr' id='par_1_2' title="bbox 160 521 2556 1152">
     <span class='ocr_line' id='line_1_2' title="bbox 297 521 1757 581; baseline -0.009 -17"><span class='ocrx_word' id='word_1_2' title='bbox 297 521 346 564; x_wconf 89' lang='lat' dir='ltr'><strong>In</strong></span> <span class='ocrx_word' id='word_1_3' title='bbox 375 533 412 563; x_wconf 89' lang='lat' dir='ltr'><strong>v.</strong></span> <span class='ocrx_word' id='word_1_4' title='bbox 443 522 548 562; x_wconf 83' lang='lat'><strong>1373</strong></span> <span class='ocrx_word' id='word_1_5' title='bbox 564 531 672 572; x_wconf 88' lang='lat' dir='ltr'><strong>seq.:</strong></span> <span class='ocrx_word' id='word_1_6' title='bbox 1752 580 1757 581; x_wconf 13' lang='lat' dir='ltr'><em>V</em></span> 
     </span>
     <span class='ocr_line' id='line_1_3' title="bbox 695 579 1969 645; baseline 0.004 -19"><span class='ocrx_word' id='word_1_7' title='bbox 695 579 873 638; x_wconf 76' lang='grc' dir='ltr'><strong><em>Οὐδαμά</em></strong></span> <span class='ocrx_word' id='word_1_8' title='bbox 903 599 976 626; x_wconf 81' lang='grc' dir='ltr'><strong>πω</strong></span> <span class='ocrx_word' id='word_1_9' title='bbox 1007 585 1256 639; x_wconf 81' lang='grc' dir='ltr'><strong><em>κατέμεινας</em></strong></span> <span class='ocrx_word' id='word_1_10' title='bbox 1286 584 1394 645; x_wconf 77' lang='grc' dir='ltr'><strong><em>ἐμὴν</em></strong></span> <span class='ocrx_word' id='word_1_11' title='bbox 1422 583 1556 643; x_wconf 80' lang='grc' dir='ltr'><em>χάριν,</em></span> <span class='ocrx_word' id='word_1_12' title='bbox 1588 581 1677 629; x_wconf 68' lang='grc' dir='ltr'><strong>ἀλλ’</strong></span> <span class='ocrx_word' id='word_1_13' title='bbox 1707 583 1796 632; x_wconf 78' lang='grc' dir='ltr'><strong>ὑπὸ</strong></span> <span class='ocrx_word' id='word_1_14' title='bbox 1825 591 1969 633; x_wconf 82' lang='grc' dir='ltr'><strong><em>πᾶσαν</em></strong></span> 
     </span>
     <span class='ocr_line' id='line_1_4' title="bbox 747 653 1511 716; baseline 0.007 -18"><span class='ocrx_word' id='word_1_15' title='bbox 747 654 834 705; x_wconf 80' lang='grc' dir='ltr'><strong><em>αἰεὶ</em></strong></span> <span class='ocrx_word' id='word_1_16' title='bbox 862 655 1150 713; x_wconf 76' lang='grc' dir='ltr'><strong><em>σπουδαίην</em></strong></span> <span class='ocrx_word' id='word_1_17' title='bbox 1132 656 1275 712; x_wconf 87' lang='grc' dir='ltr'><strong><em>ε’ρχεαι</em></strong></span> <span class='ocrx_word' id='word_1_18' title='bbox 1304 653 1511 716; x_wconf 80' lang='grc' dir='ltr'><strong><em>αγγελίην.</em></strong></span> 
     </span>
     <span class='ocr_line' id='line_1_5' title="bbox 162 698 2556 790; baseline 0.001 -10"><span class='ocrx_word' id='word_1_19' title='bbox 162 735 369 790; x_wconf 80' lang='lat' dir='ltr'><strong>Bergkius</strong></span> <span class='ocrx_word' id='word_1_20' title='bbox 399 729 535 786; x_wconf 78' lang='grc' dir='ltr'><strong><em>οίχεαι</em></strong></span> <span class='ocrx_word' id='word_1_21' title='bbox 565 734 796 788; x_wconf 83' lang='lat' dir='ltr'>proposuit,</span> <span class='ocrx_word' id='word_1_22' title='bbox 832 733 1139 777; x_wconf 85' lang='lat' dir='ltr'><strong>Herwerdenus</strong></span> <span class='ocrx_word' id='word_1_23' title='bbox 1174 738 1391 787; x_wconf 84' lang='lat' dir='ltr'><strong>praeterea</strong></span> <span class='ocrx_word' id='word_1_24' title='bbox 1420 736 1674 788; x_wconf 76' lang='grc' dir='ltr'><em>σπουδαίως</em></span> <span class='ocrx_word' id='word_1_25' title='bbox 1707 738 1796 781; x_wconf 88' lang='lat' dir='ltr'><strong>sive</strong></span> <span class='ocrx_word' id='word_1_26' title='bbox 1825 698 2098 790; x_wconf 76' lang='grc' dir='ltr'>σπουδάζων.</span> <span class='ocrx_word' id='word_1_27' title='bbox 2160 739 2269 790; x_wconf 89' lang='lat' dir='ltr'><strong>quod</strong></span> <span class='ocrx_word' id='word_1_28' title='bbox 2298 751 2380 782; x_wconf 92' lang='lat' dir='ltr'><strong>non</strong></span> <span class='ocrx_word' id='word_1_29' title='bbox 2412 742 2556 783; x_wconf 86' lang='lat' dir='ltr'><strong>verisi-</strong></span> 
     </span>
     <span class='ocr_line' id='line_1_6' title="bbox 162 805 2555 866; baseline 0.003 -18"><span class='ocrx_word' id='word_1_30' title='bbox 162 806 465 865; x_wconf 61' lang='lat' dir='ltr'><strong>milmqlixerim</strong></span> <span class='ocrx_word' id='word_1_31' title='bbox 501 818 584 848; x_wconf 89' lang='lat' dir='ltr'><strong>non</strong></span> <span class='ocrx_word' id='word_1_32' title='bbox 621 805 757 849; x_wconf 90' lang='lat' dir='ltr'><strong>solum</strong></span> <span class='ocrx_word' id='word_1_33' title='bbox 794 808 969 860; x_wconf 87' lang='lat' dir='ltr'><strong>propter</strong></span> <span class='ocrx_word' id='word_1_34' title='bbox 1007 805 1173 849; x_wconf 82' lang='lat' dir='ltr'><strong>litteras</strong></span> <span class='ocrx_word' id='word_1_35' title='bbox 1203 807 1395 860; x_wconf 86' lang='lat' dir='ltr'><strong>traditas,</strong></span> <span class='ocrx_word' id='word_1_36' title='bbox 1430 809 1503 852; x_wconf 88' lang='lat' dir='ltr'><strong>sed</strong></span> <span class='ocrx_word' id='word_1_37' title='bbox 1529 810 1657 852; x_wconf 85' lang='lat' dir='ltr'><strong>etiam</strong></span> <span class='ocrx_word' id='word_1_38' title='bbox 1688 811 1862 863; x_wconf 91' lang='lat' dir='ltr'><strong>propter</strong></span> <span class='ocrx_word' id='word_1_39' title='bbox 1891 809 2191 857; x_wconf 86' lang='lat' dir='ltr'><strong>abundantiam</strong></span> <span class='ocrx_word' id='word_1_40' title='bbox 2222 810 2359 853; x_wconf 90' lang='lat' dir='ltr'><strong>minus</strong></span> <span class='ocrx_word' id='word_1_41' title='bbox 2388 812 2555 866; x_wconf 85' lang='lat' dir='ltr'><strong>elegan-</strong></span> 
     </span>
     <span class='ocr_line' id='line_1_7' title="bbox 163 873 2550 939; baseline 0 -17"><span class='ocrx_word' id='word_1_42' title='bbox 163 883 249 922; x_wconf 87' lang='lat' dir='ltr'><strong>tem</strong></span> <span class='ocrx_word' id='word_1_43' title='bbox 280 879 321 922; x_wconf 93' lang='lat' dir='ltr'><strong>in</strong></span> <span class='ocrx_word' id='word_1_44' title='bbox 352 877 489 939; x_wconf 86' lang='lat' dir='ltr'><strong>verbis</strong></span> <span class='ocrx_word' id='word_1_45' title='bbox 521 873 610 919; x_wconf 72' lang='grc' dir='ltr'><strong>ὑπὸ</strong></span> <span class='ocrx_word' id='word_1_46' title='bbox 642 880 787 920; x_wconf 83' lang='grc' dir='ltr'><strong><em>πᾶσαν</em></strong></span> <span class='ocrx_word' id='word_1_47' title='bbox 814 882 858 922; x_wconf 91' lang='lat' dir='ltr'><strong>et</strong></span> <span class='ocrx_word' id='word_1_48' title='bbox 884 875 980 921; x_wconf 84' lang='grc' dir='ltr'><strong><em>αἰεί.</em></strong></span> <span class='ocrx_word' id='word_1_49' title='bbox 1012 879 1055 920; x_wconf 90' lang='lat' dir='ltr'><strong>in</strong></span> <span class='ocrx_word' id='word_1_50' title='bbox 1085 877 1164 921; x_wconf 87' lang='lat' dir='ltr'><strong>hac</strong></span> <span class='ocrx_word' id='word_1_51' title='bbox 1193 879 1334 932; x_wconf 90' lang='lat' dir='ltr'><strong>potius</strong></span> <span class='ocrx_word' id='word_1_52' title='bbox 1354 892 1454 922; x_wconf 86' lang='lat' dir='ltr'><strong>voce</strong></span> <span class='ocrx_word' id='word_1_53' title='bbox 1473 881 1621 924; x_wconf 85' lang='lat' dir='ltr'><strong>vitium</strong></span> <span class='ocrx_word' id='word_1_54' title='bbox 1651 883 1784 926; x_wconf 82' lang='lat' dir='ltr'><strong>latere</strong></span> <span class='ocrx_word' id='word_1_55' title='bbox 1813 881 1996 925; x_wconf 78' lang='lat' dir='ltr'>arbitror</span> <span class='ocrx_word' id='word_1_56' title='bbox 2025 884 2277 934; x_wconf 86' lang='lat' dir='ltr'><strong>poetamque</strong></span> <span class='ocrx_word' id='word_1_57' title='bbox 2310 882 2550 937; x_wconf 81' lang='lat' dir='ltr'><strong>scripsisse:</strong></span> 
     </span>
     <span class='ocr_line' id='line_1_8' title="bbox 695 945 1959 1006; baseline 0.001 -13"><span class='ocrx_word' id='word_1_58' title='bbox 695 945 874 1005; x_wconf 75' lang='grc' dir='ltr'><strong><em>Οὐδαμά</em></strong></span> <span class='ocrx_word' id='word_1_59' title='bbox 904 966 976 992; x_wconf 81' lang='grc' dir='ltr'><strong>πω</strong></span> <span class='ocrx_word' id='word_1_60' title='bbox 1005 949 1257 1005; x_wconf 82' lang='grc' dir='ltr'><strong><em>κατέμεινας</em></strong></span> <span class='ocrx_word' id='word_1_61' title='bbox 1284 948 1389 1005; x_wconf 45' lang='grc' dir='ltr'><strong><em>ἐμίν</em></strong></span> <span class='ocrx_word' id='word_1_62' title='bbox 1413 948 1547 1006; x_wconf 81' lang='grc' dir='ltr'><strong><em>χάριν,</em></strong></span> <span class='ocrx_word' id='word_1_63' title='bbox 1576 948 1668 995; x_wconf 75' lang='grc' dir='ltr'><strong>ἀλλ’</strong></span> <span class='ocrx_word' id='word_1_64' title='bbox 1698 950 1786 996; x_wconf 75' lang='grc' dir='ltr'><strong>ὑπὸ</strong></span> <span class='ocrx_word' id='word_1_65' title='bbox 1815 955 1959 995; x_wconf 81' lang='grc' dir='ltr'><strong><em>πᾶσαν</em></strong></span> 
     </span>
     <span class='ocr_line' id='line_1_9' title="bbox 749 1017 1615 1084; baseline 0.001 -19"><span class='ocrx_word' id='word_1_66' title='bbox 749 1022 820 1066; x_wconf 81' lang='grc' dir='ltr'><strong>καὶ</strong></span> <span class='ocrx_word' id='word_1_67' title='bbox 849 1020 907 1079; x_wconf 78' lang='grc' dir='ltr'><strong>μὴ</strong></span> <span class='ocrx_word' id='word_1_68' title='bbox 937 1021 1180 1078; x_wconf 80' lang='grc' dir='ltr'><strong><em>σπουδαίην</em></strong></span> <span class='ocrx_word' id='word_1_69' title='bbox 1209 1017 1347 1075; x_wconf 74' lang='grc' dir='ltr'><strong><em>οἴχεαι</em></strong></span> <span class='ocrx_word' id='word_1_70' title='bbox 1372 1018 1578 1079; x_wconf 76' lang='grc' dir='ltr'><strong><em>ἀγγελίην.</em></strong></span> <span class='ocrx_word' id='word_1_71' title='bbox 1614 1078 1615 1084; x_wconf 15' lang='lat'>¹</span> 
     </span>
     <span class='ocr_line' id='line_1_10' title="bbox 160 1098 1426 1152; baseline 0 -11"><span class='ocrx_word' id='word_1_72' title='bbox 160 1100 184 1142; x_wconf 88' lang='lat' dir='ltr'><strong>i.</strong></span> <span class='ocrx_word' id='word_1_73' title='bbox 218 1111 252 1142; x_wconf 88' lang='lat' dir='ltr'><strong>e.</strong></span> <span class='ocrx_word' id='word_1_74' title='bbox 284 1100 339 1142; x_wconf 80' lang='lat' dir='ltr'><strong>ad</strong></span> <span class='ocrx_word' id='word_1_75' title='bbox 367 1100 562 1142; x_wconf 90' lang='lat' dir='ltr'><strong>nuntium</strong></span> <span class='ocrx_word' id='word_1_76' title='bbox 594 1098 954 1152; x_wconf 83' lang='lat' dir='ltr'><strong>qualemcumque,</strong></span> <span class='ocrx_word' id='word_1_77' title='bbox 986 1098 1115 1142; x_wconf 84' lang='lat' dir='ltr'><strong>etiam</strong></span> <span class='ocrx_word' id='word_1_78' title='bbox 1147 1110 1229 1141; x_wconf 94' lang='lat' dir='ltr'><strong>non</strong></span> <span class='ocrx_word' id='word_1_79' title='bbox 1258 1099 1426 1142; x_wconf 84' lang='lat' dir='ltr'><strong>serium.</strong></span> 
     </span>
    </p>
   </div>
   <div class='ocr_carea' id='block_1_3' title="bbox 161 1260 2607 2707">
    <p class='ocr_par' dir='ltr' id='par_1_3' title="bbox 162 1260 1833 1607">
     <span class='ocr_line' id='line_1_11' title="bbox 297 1260 1687 1315; baseline 0.001 -12"><span class='ocrx_word' id='word_1_80' title='bbox 297 1260 472 1304; x_wconf 85' lang='lat' dir='ltr'><strong>Offendo</strong></span> <span class='ocrx_word' id='word_1_81' title='bbox 503 1265 724 1315; x_wconf 86' lang='lat' dir='ltr'><strong>praeterea</strong></span> <span class='ocrx_word' id='word_1_82' title='bbox 755 1260 796 1302; x_wconf 90' lang='lat' dir='ltr'><strong>in</strong></span> <span class='ocrx_word' id='word_1_83' title='bbox 824 1260 891 1302; x_wconf 92' lang='lat' dir='ltr'><strong>his</strong></span> <span class='ocrx_word' id='word_1_84' title='bbox 923 1260 1046 1303; x_wconf 88' lang='lat' dir='ltr'><strong>locis:</strong></span> <span class='ocrx_word' id='word_1_85' title='bbox 1078 1272 1115 1302; x_wconf 87' lang='lat' dir='ltr'><strong>v.</strong></span> <span class='ocrx_word' id='word_1_86' title='bbox 1134 1263 1214 1303; x_wconf 88' lang='grc'><strong>819</strong></span> <span class='ocrx_word' id='word_1_87' title='bbox 1231 1272 1317 1314; x_wconf 88' lang='lat' dir='ltr'><strong>seq.</strong></span> <span class='ocrx_word' id='word_1_88' title='bbox 1346 1272 1489 1305; x_wconf 87' lang='lat' dir='ltr'><strong>omnes</strong></span> <span class='ocrx_word' id='word_1_89' title='bbox 1518 1262 1687 1315; x_wconf 87' lang='lat' dir='ltr'><strong>legunt:</strong></span> 
     </span>
     <span class='ocr_line' id='line_1_12' title="bbox 690 1326 1801 1391; baseline 0.002 -17"><span class='ocrx_word' id='word_1_90' title='bbox 690 1326 756 1382; x_wconf 83' lang='grc' dir='ltr'><strong>Ἐς</strong></span> <span class='ocrx_word' id='word_1_91' title='bbox 787 1328 1063 1388; x_wconf 82' lang='grc' dir='ltr'><strong><em>πολυάρητον</em></strong></span> <span class='ocrx_word' id='word_1_92' title='bbox 1092 1329 1224 1375; x_wconf 79' lang='grc' dir='ltr'><strong><em>κακὸν</em></strong></span> <span class='ocrx_word' id='word_1_93' title='bbox 1255 1329 1428 1391; x_wconf 73' lang='grc' dir='ltr'><strong><em>ἥκομεν,</em></strong></span> <span class='ocrx_word' id='word_1_94' title='bbox 1461 1331 1573 1376; x_wconf 73' lang='grc' dir='ltr'><strong><em>ἔνθα</em></strong></span> <span class='ocrx_word' id='word_1_95' title='bbox 1601 1330 1801 1387; x_wconf 85' lang='grc' dir='ltr'><strong><em>μάλιστα,</em></strong></span> 
     </span>
     <span class='ocr_line' id='line_1_13' title="bbox 744 1401 1833 1462; baseline 0.002 -16"><span class='ocrx_word' id='word_1_96' title='bbox 744 1401 899 1458; x_wconf 82' lang='grc' dir='ltr'><strong><em>Κύρνε,</em></strong></span> <span class='ocrx_word' id='word_1_97' title='bbox 930 1404 1285 1462; x_wconf 79' lang='grc' dir='ltr'><strong><em>συναμφοτέρους</em></strong></span> <span class='ocrx_word' id='word_1_98' title='bbox 1313 1408 1447 1461; x_wconf 86' lang='grc' dir='ltr'><strong><em>μοῖρα</em></strong></span> <span class='ocrx_word' id='word_1_99' title='bbox 1472 1401 1599 1458; x_wconf 77' lang='grc' dir='ltr'><strong><em>λάβοι</em></strong></span> <span class='ocrx_word' id='word_1_100' title='bbox 1626 1403 1833 1449; x_wconf 75' lang='grc' dir='ltr'><strong><em>θανάτου.</em></strong></span> 
     </span>
     <span class='ocr_line' id='line_1_14' title="bbox 162 1475 1609 1535; baseline -0.001 -10"><span class='ocrx_word' id='word_1_101' title='bbox 162 1481 444 1525; x_wconf 86' lang='lat' dir='ltr'><strong>Deliberantis</strong></span> <span class='ocrx_word' id='word_1_102' title='bbox 477 1484 607 1524; x_wconf 89' lang='lat' dir='ltr'><strong>esset:</strong></span> <span class='ocrx_word' id='word_1_103' title='bbox 642 1476 755 1522; x_wconf 75' lang='grc' dir='ltr'><strong><em>ἔνθα</em></strong></span> <span class='ocrx_word' id='word_1_104' title='bbox 781 1475 950 1533; x_wconf 83' lang='grc' dir='ltr'><strong><em>μάλιστ’</em></strong></span> <span class='ocrx_word' id='word_1_105' title='bbox 982 1475 1034 1521; x_wconf 72' lang='grc' dir='ltr'><strong>ἂν</strong></span> <span class='ocrx_word' id='word_1_106' title='bbox 1059 1512 1068 1521; x_wconf 90' lang='grc'><strong>.</strong></span> <span class='ocrx_word' id='word_1_107' title='bbox 1100 1512 1110 1522; x_wconf 91' lang='grc'><strong>.</strong></span> <span class='ocrx_word' id='word_1_108' title='bbox 1138 1475 1278 1534; x_wconf 79' lang='grc' dir='ltr'><strong><em>λάβοι,</em></strong></span> <span class='ocrx_word' id='word_1_109' title='bbox 1309 1482 1498 1535; x_wconf 82' lang='lat' dir='ltr'><strong>optantis</strong></span> <span class='ocrx_word' id='word_1_110' title='bbox 1525 1486 1609 1524; x_wconf 87' lang='lat' dir='ltr'><strong>est:</strong></span> 
     </span>
     <span class='ocr_line' id='line_1_15' title="bbox 1429 1550 1758 1609; baseline 0 -13"><span class='ocrx_word' id='word_1_111' title='bbox 1429 1551 1542 1596; x_wconf 63' lang='lat' dir='ltr'><strong>ewa</strong></span> <span class='ocrx_word' id='word_1_112' title='bbox 1569 1550 1758 1609; x_wconf 81' lang='grc' dir='ltr'><strong><em>τάχιστα,</em></strong></span> 
     </span>
    </p>

    <p class='ocr_par' dir='ltr' id='par_1_4' title="bbox 161 1620 2557 1972">
     <span class='ocr_line' id='line_1_16' title="bbox 699 1620 1792 1681; baseline 0.002 -15"><span class='ocrx_word' id='word_1_113' title='bbox 699 1620 853 1678; x_wconf 74' lang='grc' dir='ltr'><strong><em>Κύρνε,</em></strong></span> <span class='ocrx_word' id='word_1_114' title='bbox 884 1622 1239 1681; x_wconf 85' lang='grc' dir='ltr'><strong><em>συναμφοτέρους</em></strong></span> <span class='ocrx_word' id='word_1_115' title='bbox 1268 1627 1403 1679; x_wconf 85' lang='grc' dir='ltr'><strong><em>μοῖρα</em></strong></span> <span class='ocrx_word' id='word_1_116' title='bbox 1429 1622 1555 1679; x_wconf 83' lang='grc' dir='ltr'><strong><em>λάβοι</em></strong></span> <span class='ocrx_word' id='word_1_117' title='bbox 1585 1622 1792 1669; x_wconf 72' lang='grc' dir='ltr'><strong><em>θανάτου.</em></strong></span> 
     </span>
     <span class='ocr_line' id='line_1_17' title="bbox 162 1676 2552 1786; baseline 0.001 -42"><span class='ocrx_word' id='word_1_118' title='bbox 162 1697 447 1786; x_wconf 78' lang='grc' dir='ltr'><strong><em>Πολυάρητον</em></strong></span> <span class='ocrx_word' id='word_1_119' title='bbox 477 1676 541 1744; x_wconf 86' lang='lat' dir='ltr'><strong>est</strong></span> <span class='ocrx_word' id='word_1_120' title='bbox 572 1712 656 1743; x_wconf 87' lang='lat' dir='ltr'><strong>una</strong></span> <span class='ocrx_word' id='word_1_121' title='bbox 684 1712 736 1743; x_wconf 86' lang='lat' dir='ltr'><strong>ex</strong></span> <span class='ocrx_word' id='word_1_122' title='bbox 765 1699 949 1753; x_wconf 87' lang='lat' dir='ltr'><strong>vocibus,</strong></span> <span class='ocrx_word' id='word_1_123' title='bbox 994 1712 1104 1753; x_wconf 86' lang='lat' dir='ltr'><strong>quae</strong></span> <span class='ocrx_word' id='word_1_124' title='bbox 1132 1701 1260 1744; x_wconf 89' lang='lat' dir='ltr'><strong>semel</strong></span> <span class='ocrx_word' id='word_1_125' title='bbox 1290 1704 1457 1745; x_wconf 89' lang='lat' dir='ltr'><strong>tantum</strong></span> <span class='ocrx_word' id='word_1_126' title='bbox 1496 1702 1555 1745; x_wconf 89' lang='lat' dir='ltr'><strong>sic</strong></span> <span class='ocrx_word' id='word_1_127' title='bbox 1584 1701 1796 1746; x_wconf 73' lang='lat' dir='ltr'>adhibitae</span> <span class='ocrx_word' id='word_1_128' title='bbox 1831 1702 2048 1756; x_wconf 87' lang='lat' dir='ltr'><strong>leguntur.</strong></span> <span class='ocrx_word' id='word_1_129' title='bbox 2104 1703 2177 1746; x_wconf 90' lang='lat' dir='ltr'><strong>sed</strong></span> <span class='ocrx_word' id='word_1_130' title='bbox 2207 1704 2300 1756; x_wconf 89' lang='lat' dir='ltr'><strong>quis</strong></span> <span class='ocrx_word' id='word_1_131' title='bbox 2330 1703 2552 1756; x_wconf 80' lang='lat' dir='ltr'><strong>dubitabit,</strong></span> 
     </span>
     <span class='ocr_line' id='line_1_18' title="bbox 161 1767 2557 1831; baseline 0 -13"><span class='ocrx_word' id='word_1_132' title='bbox 161 1786 257 1818; x_wconf 88' lang='lat' dir='ltr'><strong>cum</strong></span> <span class='ocrx_word' id='word_1_133' title='bbox 287 1767 370 1828; x_wconf 80' lang='grc' dir='ltr'><strong><em>ἆρά</em></strong></span> <span class='ocrx_word' id='word_1_134' title='bbox 399 1776 442 1817; x_wconf 91' lang='lat' dir='ltr'><strong>et</strong></span> <span class='ocrx_word' id='word_1_135' title='bbox 470 1767 677 1827; x_wconf 71' lang='grc' dir='ltr'><strong><em>ἀρᾶσθαι</em></strong></span> <span class='ocrx_word' id='word_1_136' title='bbox 693 1773 735 1816; x_wconf 91' lang='lat' dir='ltr'><strong>in</strong></span> <span class='ocrx_word' id='word_1_137' title='bbox 764 1774 992 1828; x_wconf 87' lang='lat' dir='ltr'><strong>utramque</strong></span> <span class='ocrx_word' id='word_1_138' title='bbox 1020 1776 1187 1826; x_wconf 83' lang='lat' dir='ltr'><strong>partem</strong></span> <span class='ocrx_word' id='word_1_139' title='bbox 1215 1772 1481 1817; x_wconf 76' lang='lat' dir='ltr'><strong>dicerentur?</strong></span> <span class='ocrx_word' id='word_1_140' title='bbox 1525 1799 1575 1805; x_wconf 85' lang='lat'><em>-</em></span> <span class='ocrx_word' id='word_1_141' title='bbox 1616 1774 1708 1818; x_wconf 92' lang='lat' dir='ltr'><strong>Hoc</strong></span> <span class='ocrx_word' id='word_1_142' title='bbox 1736 1775 1824 1817; x_wconf 89' lang='lat' dir='ltr'><strong>loco</strong></span> <span class='ocrx_word' id='word_1_143' title='bbox 1853 1774 2076 1818; x_wconf 81' lang='lat' dir='ltr'>defendere</span> <span class='ocrx_word' id='word_1_144' title='bbox 2104 1775 2233 1819; x_wconf 86' lang='lat' dir='ltr'><strong>liceat</strong></span> <span class='ocrx_word' id='word_1_145' title='bbox 2261 1788 2286 1818; x_wconf 88' lang='lat' dir='ltr'><strong>a</strong></span> <span class='ocrx_word' id='word_1_146' title='bbox 2315 1776 2557 1831; x_wconf 85' lang='lat' dir='ltr'><strong>Theognide</strong></span> 
     </span>
     <span class='ocr_line' id='line_1_19' title="bbox 162 1845 2556 1902; baseline 0 -12"><span class='ocrx_word' id='word_1_147' title='bbox 162 1847 442 1891; x_wconf 86' lang='lat' dir='ltr'><strong>coniecturam</strong></span> <span class='ocrx_word' id='word_1_148' title='bbox 471 1857 607 1899; x_wconf 85' lang='lat' dir='ltr'>nuper</span> <span class='ocrx_word' id='word_1_149' title='bbox 635 1845 896 1900; x_wconf 83' lang='lat' dir='ltr'><strong>propositam</strong></span> <span class='ocrx_word' id='word_1_150' title='bbox 926 1858 952 1888; x_wconf 85' lang='lat' dir='ltr'><strong>a</strong></span> <span class='ocrx_word' id='word_1_151' title='bbox 981 1845 1238 1888; x_wconf 87' lang='lat' dir='ltr'><strong>Weckleinio</strong></span> <span class='ocrx_word' id='word_1_152' title='bbox 1267 1847 1309 1888; x_wconf 90' lang='lat' dir='ltr'><strong>in</strong></span> <span class='ocrx_word' id='word_1_153' title='bbox 1338 1859 1421 1890; x_wconf 93' lang='lat' dir='ltr'><strong>uno</strong></span> <span class='ocrx_word' id='word_1_154' title='bbox 1455 1858 1578 1900; x_wconf 91' lang='lat' dir='ltr'><strong>quem</strong></span> <span class='ocrx_word' id='word_1_155' title='bbox 1609 1846 1847 1901; x_wconf 88' lang='lat' dir='ltr'><strong>Euripideis</strong></span> <span class='ocrx_word' id='word_1_156' title='bbox 1879 1847 2132 1901; x_wconf 80' lang='lat' dir='ltr'><strong>interposuit</strong></span> <span class='ocrx_word' id='word_1_157' title='bbox 2159 1847 2249 1891; x_wconf 90' lang='lat' dir='ltr'><strong>loco</strong></span> <span class='ocrx_word' id='word_1_158' title='bbox 2289 1848 2556 1902; x_wconf 85' lang='lat' dir='ltr'><strong>Theognidis.</strong></span> 
     </span>
     <span class='ocr_line' id='line_1_20' title="bbox 163 1917 1287 1972; baseline -0.001 -10"><span class='ocrx_word' id='word_1_159' title='bbox 163 1918 243 1970; x_wconf 82' lang='lat' dir='ltr'><strong>Qui</strong></span> <span class='ocrx_word' id='word_1_160' title='bbox 272 1918 381 1962; x_wconf 90' lang='lat' dir='ltr'><strong>enim</strong></span> <span class='ocrx_word' id='word_1_161' title='bbox 411 1917 568 1971; x_wconf 87' lang='lat' dir='ltr'><strong>optime</strong></span> <span class='ocrx_word' id='word_1_162' title='bbox 599 1918 743 1961; x_wconf 84' lang='lat' dir='ltr'><strong>traditi</strong></span> <span class='ocrx_word' id='word_1_163' title='bbox 774 1922 874 1962; x_wconf 90' lang='lat' dir='ltr'><strong>sunt</strong></span> <span class='ocrx_word' id='word_1_164' title='bbox 903 1930 1051 1962; x_wconf 88' lang='lat' dir='ltr'><strong>versus</strong></span> <span class='ocrx_word' id='word_1_165' title='bbox 1084 1920 1165 1960; x_wconf 87' lang='lat'><strong>653</strong></span> <span class='ocrx_word' id='word_1_166' title='bbox 1181 1929 1287 1972; x_wconf 89' lang='lat' dir='ltr'><strong>seq.:</strong></span> 
     </span>
    </p>

    <p class='ocr_par' dir='ltr' id='par_1_5' title="bbox 695 1984 1782 2049">
     <span class='ocr_line' id='line_1_21' title="bbox 695 1984 1782 2049; baseline 0 -17"><span class='ocrx_word' id='word_1_167' title='bbox 695 1984 927 2045; x_wconf 71' lang='grc' dir='ltr'><strong><em>Εὐδαίμων</em></strong></span> <span class='ocrx_word' id='word_1_168' title='bbox 956 1986 1048 2047; x_wconf 75' lang='grc' dir='ltr'><strong><em>εἰην</em></strong></span> <span class='ocrx_word' id='word_1_169' title='bbox 1074 1991 1146 2034; x_wconf 81' lang='grc' dir='ltr'><strong>καὶ</strong></span> <span class='ocrx_word' id='word_1_170' title='bbox 1175 1994 1307 2043; x_wconf 73' lang='grc' dir='ltr'><strong><em>θεοῖς</em></strong></span> <span class='ocrx_word' id='word_1_171' title='bbox 1331 1991 1460 2049; x_wconf 84' lang='grc' dir='ltr'><strong><em>φίλος</em></strong></span> <span class='ocrx_word' id='word_1_172' title='bbox 1487 1987 1782 2042; x_wconf 73' lang='grc' dir='ltr'><strong><em>ἀθανάτοισιν,</em></strong></span> 
     </span>
    </p>

    <p class='ocr_par' dir='ltr' id='par_1_6' title="bbox 755 2055 1757 2120">
     <span class='ocr_line' id='line_1_22' title="bbox 755 2055 1757 2120; baseline 0.001 -17"><span class='ocrx_word' id='word_1_173' title='bbox 755 2058 903 2115; x_wconf 83' lang='grc' dir='ltr'><strong><em>Κύρν’,</em></strong></span> <span class='ocrx_word' id='word_1_174' title='bbox 935 2055 1093 2116; x_wconf 54' lang='grc' dir='ltr'><strong><em>ἅρεττῖς</em></strong></span> <span class='ocrx_word' id='word_1_175' title='bbox 1123 2063 1161 2105; x_wconf 88' lang='grc' dir='ltr'><strong>δ’</strong></span> <span class='ocrx_word' id='word_1_176' title='bbox 1192 2055 1325 2119; x_wconf 65' lang='grc' dir='ltr'><strong><em>ὄλλης</em></strong></span> <span class='ocrx_word' id='word_1_177' title='bbox 1353 2057 1556 2120; x_wconf 71' lang='grc' dir='ltr'><strong><em>οὐδεμιῆς</em></strong></span> <span class='ocrx_word' id='word_1_178' title='bbox 1588 2060 1757 2118; x_wconf 76' lang='grc' dir='ltr'><strong><em>ἔραμαι.</em></strong></span> 
     </span>
    </p>

    <p class='ocr_par' dir='ltr' id='par_1_7' title="bbox 163 2132 2607 2707">
     <span class='ocr_line' id='line_1_23' title="bbox 163 2132 2558 2196; baseline 0 -14"><span class='ocrx_word' id='word_1_179' title='bbox 163 2141 205 2182; x_wconf 90' lang='lat' dir='ltr'><strong>in</strong></span> <span class='ocrx_word' id='word_1_180' title='bbox 235 2140 300 2183; x_wconf 87' lang='lat' dir='ltr'><strong>his</strong></span> <span class='ocrx_word' id='word_1_181' title='bbox 330 2139 526 2183; x_wconf 82' lang='lat' dir='ltr'><strong>adfirmat</strong></span> <span class='ocrx_word' id='word_1_182' title='bbox 556 2139 626 2182; x_wconf 94' lang='lat' dir='ltr'><strong>ille</strong></span> <span class='ocrx_word' id='word_1_183' title='bbox 654 2138 946 2193; x_wconf 88' lang='lat' dir='ltr'><strong>corrigendum</strong></span> <span class='ocrx_word' id='word_1_184' title='bbox 977 2151 1091 2183; x_wconf 89' lang='lat' dir='ltr'><strong>esse:</strong></span> <span class='ocrx_word' id='word_1_185' title='bbox 1121 2133 1228 2196; x_wconf 73' lang='grc' dir='ltr'><strong><em>ἀρῆς</em></strong></span> <span class='ocrx_word' id='word_1_186' title='bbox 1257 2139 1292 2182; x_wconf 81' lang='grc' dir='ltr'><strong>δ’</strong></span> <span class='ocrx_word' id='word_1_187' title='bbox 1324 2132 1687 2196; x_wconf 67' lang='grc' dir='ltr'><strong><em>ἅλληςοῦδεμιῆς</em></strong></span> <span class='ocrx_word' id='word_1_188' title='bbox 1716 2136 1884 2193; x_wconf 74' lang='grc' dir='ltr'><strong><em>ἔραμαι.</em></strong></span> <span class='ocrx_word' id='word_1_189' title='bbox 1922 2138 2055 2182; x_wconf 91' lang='lat' dir='ltr'><strong>Nemo</strong></span> <span class='ocrx_word' id='word_1_190' title='bbox 2084 2151 2285 2192; x_wconf 87' lang='lat' dir='ltr'><strong>umquam</strong></span> <span class='ocrx_word' id='word_1_191' title='bbox 2316 2140 2420 2182; x_wconf 83' lang='lat' dir='ltr'><strong>dixit</strong></span> <span class='ocrx_word' id='word_1_192' title='bbox 2448 2134 2558 2195; x_wconf 78' lang='grc' dir='ltr'><strong><em>ἀρῆς</em></strong></span> 
     </span>
     <span class='ocr_line' id='line_1_24' title="bbox 165 2206 2558 2267; baseline 0 -12"><span class='ocrx_word' id='word_1_193' title='bbox 165 2210 333 2266; x_wconf 74' lang='grc' dir='ltr'><strong><em>ἔραμαι.</em></strong></span> <span class='ocrx_word' id='word_1_194' title='bbox 393 2206 548 2266; x_wconf 79' lang='grc' dir='ltr'><strong><em>Ἀρετή</em></strong></span> <span class='ocrx_word' id='word_1_195' title='bbox 589 2215 732 2255; x_wconf 85' lang='lat' dir='ltr'><strong>autem</strong></span> <span class='ocrx_word' id='word_1_196' title='bbox 773 2211 874 2265; x_wconf 88' lang='lat' dir='ltr'><strong>quid</strong></span> <span class='ocrx_word' id='word_1_197' title='bbox 913 2211 995 2254; x_wconf 88' lang='lat' dir='ltr'><strong>illis</strong></span> <span class='ocrx_word' id='word_1_198' title='bbox 1035 2213 1295 2266; x_wconf 84' lang='lat' dir='ltr'><strong>temporibus</strong></span> <span class='ocrx_word' id='word_1_199' title='bbox 1331 2213 1565 2267; x_wconf 82' lang='lat' dir='ltr'><strong>significare</strong></span> <span class='ocrx_word' id='word_1_200' title='bbox 1602 2212 1799 2266; x_wconf 89' lang='lat' dir='ltr'><strong>potuerit,</strong></span> <span class='ocrx_word' id='word_1_201' title='bbox 1842 2212 1945 2254; x_wconf 85' lang='lat' dir='ltr'><strong>satis</strong></span> <span class='ocrx_word' id='word_1_202' title='bbox 1977 2212 2102 2254; x_wconf 89' lang='lat' dir='ltr'><strong>multi</strong></span> <span class='ocrx_word' id='word_1_203' title='bbox 2133 2211 2210 2254; x_wconf 90' lang='lat' dir='ltr'><strong>loci</strong></span> <span class='ocrx_word' id='word_1_204' title='bbox 2243 2213 2402 2264; x_wconf 80' lang='lat' dir='ltr'><strong>docent,</strong></span> <span class='ocrx_word' id='word_1_205' title='bbox 2443 2213 2558 2256; x_wconf 87' lang='lat' dir='ltr'><strong>velut</strong></span> 
     </span>
     <span class='ocr_line' id='line_1_25' title="bbox 163 2276 2558 2341; baseline -0 -16"><span class='ocrx_word' id='word_1_206' title='bbox 163 2296 201 2327; x_wconf 85' lang='lat' dir='ltr'><strong>v.</strong></span> <span class='ocrx_word' id='word_1_207' title='bbox 222 2286 299 2327; x_wconf 84' lang='lat'><strong>129</strong></span> <span class='ocrx_word' id='word_1_208' title='bbox 330 2279 430 2339; x_wconf 82' lang='grc' dir='ltr'><strong><em>μήτ’</em></strong></span> <span class='ocrx_word' id='word_1_209' title='bbox 466 2276 625 2339; x_wconf 75' lang='grc' dir='ltr'><strong><em>οἷρετὴν</em></strong></span> <span class='ocrx_word' id='word_1_210' title='bbox 664 2276 806 2337; x_wconf 71' lang='grc' dir='ltr'><strong><em>εῧχου,</em></strong></span> <span class='ocrx_word' id='word_1_211' title='bbox 845 2283 1120 2341; x_wconf 83' lang='grc' dir='ltr'><strong><em>Πολυπαΐδη,</em></strong></span> <span class='ocrx_word' id='word_1_212' title='bbox 1166 2281 1317 2339; x_wconf 72' lang='grc' dir='ltr'><strong><em>ἔξοχος</em></strong></span> <span class='ocrx_word' id='word_1_213' title='bbox 1347 2277 1456 2327; x_wconf 82' lang='grc' dir='ltr'><strong><em>εἶναι</em></strong></span> <span class='ocrx_word' id='word_1_214' title='bbox 1483 2280 1579 2340; x_wconf 80' lang='grc' dir='ltr'><strong><em>μήτ’</em></strong></span> <span class='ocrx_word' id='word_1_215' title='bbox 1612 2276 1784 2339; x_wconf 65' lang='grc' dir='ltr'><strong><em>ἄφενος,</em></strong></span> <span class='ocrx_word' id='word_1_216' title='bbox 1820 2296 1857 2325; x_wconf 90' lang='lat' dir='ltr'><strong>v.</strong></span> <span class='ocrx_word' id='word_1_217' title='bbox 1881 2285 1933 2324; x_wconf 88' lang='lat'><strong>30</strong></span> <span class='ocrx_word' id='word_1_218' title='bbox 1963 2281 2147 2333; x_wconf 72' lang='grc' dir='ltr'><strong><em>πέπνυο,</em></strong></span> <span class='ocrx_word' id='word_1_219' title='bbox 2189 2283 2285 2339; x_wconf 85' lang='grc' dir='ltr'><strong><em>μηδ’</em></strong></span> <span class='ocrx_word' id='word_1_220' title='bbox 2315 2279 2558 2336; x_wconf 69' lang='grc' dir='ltr'><strong><em>αἰσχροῖσιν</em></strong></span> 
     </span>
     <span class='ocr_line' id='line_1_26' title="bbox 165 2349 2556 2412; baseline -0 -14"><span class='ocrx_word' id='word_1_221' title='bbox 165 2353 236 2398; x_wconf 74' lang='grc' dir='ltr'><strong>ἐπ’</strong></span> <span class='ocrx_word' id='word_1_222' title='bbox 271 2352 451 2411; x_wconf 73' lang='grc' dir='ltr'><strong><em>ἔργμασι</em></strong></span> <span class='ocrx_word' id='word_1_223' title='bbox 483 2355 581 2411; x_wconf 80' lang='grc' dir='ltr'><strong><em>μηδ’</em></strong></span> <span class='ocrx_word' id='word_1_224' title='bbox 622 2349 836 2398; x_wconf 66' lang='grc' dir='ltr'><strong><em>ἀδίκοισιν</em></strong></span> <span class='ocrx_word' id='word_1_225' title='bbox 876 2352 1002 2409; x_wconf 75' lang='grc' dir='ltr'><strong><em>τιμὰς</em></strong></span> <span class='ocrx_word' id='word_1_226' title='bbox 1039 2355 1136 2411; x_wconf 87' lang='grc' dir='ltr'><strong><em>μηδ’</em></strong></span> <span class='ocrx_word' id='word_1_227' title='bbox 1176 2349 1333 2409; x_wconf 71' lang='grc' dir='ltr'><strong><em>ἀρετὰς</em></strong></span> <span class='ocrx_word' id='word_1_228' title='bbox 1363 2352 1486 2398; x_wconf 73' lang='grc' dir='ltr'><strong><em>ἕλκεο</em></strong></span> <span class='ocrx_word' id='word_1_229' title='bbox 1521 2355 1618 2411; x_wconf 88' lang='grc' dir='ltr'><strong><em>μηδ’</em></strong></span> <span class='ocrx_word' id='word_1_230' title='bbox 1648 2349 1821 2412; x_wconf 79' lang='grc' dir='ltr'><strong><em>ὄῖφενος,</em></strong></span> <span class='ocrx_word' id='word_1_231' title='bbox 1867 2356 1936 2398; x_wconf 87' lang='lat' dir='ltr'><strong>ubi</strong></span> <span class='ocrx_word' id='word_1_232' title='bbox 1967 2355 2048 2398; x_wconf 84' lang='lat' dir='ltr'><strong>fuit</strong></span> <span class='ocrx_word' id='word_1_233' title='bbox 2077 2355 2148 2408; x_wconf 92' lang='lat' dir='ltr'><strong>qui</strong></span> <span class='ocrx_word' id='word_1_234' title='bbox 2177 2349 2312 2408; x_wconf 70' lang='grc' dir='ltr'><strong><em>ἀρχάς</em></strong></span> <span class='ocrx_word' id='word_1_235' title='bbox 2338 2356 2556 2409; x_wconf 84' lang='lat' dir='ltr'><strong>coniceret,</strong></span> 
     </span>
     <span class='ocr_line' id='line_1_27' title="bbox 163 2422 2607 2483; baseline 0 -13"><span class='ocrx_word' id='word_1_236' title='bbox 163 2428 215 2471; x_wconf 86' lang='lat' dir='ltr'><strong>al.</strong></span> <span class='ocrx_word' id='word_1_237' title='bbox 273 2428 396 2471; x_wconf 91' lang='lat' dir='ltr'><strong>Vocis</strong></span> <span class='ocrx_word' id='word_1_238' title='bbox 432 2422 561 2483; x_wconf 78' lang='grc' dir='ltr'><strong><em>ἀρετή</em></strong></span> <span class='ocrx_word' id='word_1_239' title='bbox 598 2428 744 2471; x_wconf 84' lang='lat' dir='ltr'><strong>eadem</strong></span> <span class='ocrx_word' id='word_1_240' title='bbox 783 2427 958 2471; x_wconf 87' lang='lat' dir='ltr'><strong>historia</strong></span> <span class='ocrx_word' id='word_1_241' title='bbox 998 2432 1063 2472; x_wconf 90' lang='lat' dir='ltr'><strong>est</strong></span> <span class='ocrx_word' id='word_1_242' title='bbox 1100 2432 1229 2481; x_wconf 85' lang='lat' dir='ltr'><strong>atque</strong></span> <span class='ocrx_word' id='word_1_243' title='bbox 1267 2429 1379 2471; x_wconf 88' lang='lat' dir='ltr'><strong>vocis</strong></span> <span class='ocrx_word' id='word_1_244' title='bbox 1415 2422 1604 2482; x_wconf 70' lang='grc' dir='ltr'><strong><em>α’γαθόςς</em></strong></span> <span class='ocrx_word' id='word_1_245' title='bbox 1664 2429 1910 2472; x_wconf 83' lang='lat' dir='ltr'><strong>dicebantur</strong></span> <span class='ocrx_word' id='word_1_246' title='bbox 1952 2429 2004 2470; x_wconf 92' lang='lat' dir='ltr'><strong>de</strong></span> <span class='ocrx_word' id='word_1_247' title='bbox 2047 2429 2310 2482; x_wconf 86' lang='lat' dir='ltr'><strong>praestantia</strong></span> <span class='ocrx_word' id='word_1_248' title='bbox 2347 2429 2391 2470; x_wconf 92' lang='lat' dir='ltr'><strong>in</strong></span> <span class='ocrx_word' id='word_1_249' title='bbox 2432 2428 2557 2471; x_wconf 87' lang='lat' dir='ltr'><strong>rebus</strong></span> <span class='ocrx_word' id='word_1_250' title='bbox 2605 2451 2607 2453; x_wconf 91' lang='lat'>·</span> 
     </span>
     <span class='ocr_line' id='line_1_28' title="bbox 163 2498 2556 2554; baseline 0 -13"><span class='ocrx_word' id='word_1_251' title='bbox 163 2498 356 2542; x_wconf 90' lang='lat' dir='ltr'><strong>omnibus</strong></span> <span class='ocrx_word' id='word_1_252' title='bbox 385 2510 494 2551; x_wconf 87' lang='lat' dir='ltr'><strong>quae</strong></span> <span class='ocrx_word' id='word_1_253' title='bbox 523 2499 756 2552; x_wconf 83' lang='lat' dir='ltr'><strong>priscorum</strong></span> <span class='ocrx_word' id='word_1_254' title='bbox 788 2502 1026 2554; x_wconf 87' lang='lat' dir='ltr'><strong>temporum</strong></span> <span class='ocrx_word' id='word_1_255' title='bbox 1059 2499 1296 2543; x_wconf 87' lang='lat' dir='ltr'><strong>hominibus</strong></span> <span class='ocrx_word' id='word_1_256' title='bbox 1325 2501 1499 2543; x_wconf 87' lang='lat' dir='ltr'><strong>maximi</strong></span> <span class='ocrx_word' id='word_1_257' title='bbox 1527 2504 1648 2544; x_wconf 86' lang='lat' dir='ltr'><strong>erant</strong></span> <span class='ocrx_word' id='word_1_258' title='bbox 1676 2501 1898 2544; x_wconf 90' lang='lat' dir='ltr'><strong>momenti:</strong></span> <span class='ocrx_word' id='word_1_259' title='bbox 1945 2501 1997 2543; x_wconf 91' lang='lat' dir='ltr'><strong>de</strong></span> <span class='ocrx_word' id='word_1_260' title='bbox 2034 2499 2295 2553; x_wconf 81' lang='lat' dir='ltr'><strong>fortitudine,</strong></span> <span class='ocrx_word' id='word_1_261' title='bbox 2332 2503 2556 2554; x_wconf 88' lang='lat' dir='ltr'><strong>potestate,</strong></span> 
     </span>
     <span class='ocr_line' id='line_1_29' title="bbox 164 2571 2556 2627; baseline 0 -14"><span class='ocrx_word' id='word_1_262' title='bbox 164 2571 327 2624; x_wconf 87' lang='lat' dir='ltr'><strong>opibus,</strong></span> <span class='ocrx_word' id='word_1_263' title='bbox 358 2571 598 2614; x_wconf 86' lang='lat' dir='ltr'><strong>honoribus.</strong></span> <span class='ocrx_word' id='word_1_264' title='bbox 659 2571 808 2615; x_wconf 91' lang='lat' dir='ltr'><strong>deinde</strong></span> <span class='ocrx_word' id='word_1_265' title='bbox 838 2572 972 2625; x_wconf 86' lang='lat' dir='ltr'><strong>magis</strong></span> <span class='ocrx_word' id='word_1_266' title='bbox 1003 2573 1235 2627; x_wconf 84' lang='lat' dir='ltr'><strong>magisque,</strong></span> <span class='ocrx_word' id='word_1_267' title='bbox 1268 2571 1563 2627; x_wconf 81' lang='lat' dir='ltr'><strong>progrediente</strong></span> <span class='ocrx_word' id='word_1_268' title='bbox 1595 2572 1872 2614; x_wconf 86' lang='lat' dir='ltr'><strong>humanitatis</strong></span> <span class='ocrx_word' id='word_1_269' title='bbox 1902 2572 2031 2623; x_wconf 92' lang='lat' dir='ltr'><strong>cultu,</strong></span> <span class='ocrx_word' id='word_1_270' title='bbox 2059 2572 2112 2614; x_wconf 86' lang='lat' dir='ltr'><strong>ad</strong></span> <span class='ocrx_word' id='word_1_271' title='bbox 2143 2574 2350 2615; x_wconf 86' lang='lat' dir='ltr'><strong>internam</strong></span> <span class='ocrx_word' id='word_1_272' title='bbox 2379 2572 2556 2614; x_wconf 90' lang='lat' dir='ltr'><strong>hominis</strong></span> 
     </span>
     <span class='ocr_line' id='line_1_30' title="bbox 165 2642 2423 2707; baseline -0.001 -20"><span class='ocrx_word' id='word_1_273' title='bbox 165 2644 367 2687; x_wconf 88' lang='lat' dir='ltr'><strong>virtutem</strong></span> <span class='ocrx_word' id='word_1_274' title='bbox 396 2642 703 2707; x_wconf 79' lang='lat' dir='ltr'><strong>referebantur.</strong></span> <span class='ocrx_word' id='word_1_275' title='bbox 757 2644 950 2695; x_wconf 83' lang='lat' dir='ltr'><strong>Quonam</strong></span> <span class='ocrx_word' id='word_1_276' title='bbox 980 2657 1105 2688; x_wconf 88' lang='lat' dir='ltr'><strong>sensu</strong></span> <span class='ocrx_word' id='word_1_277' title='bbox 1136 2644 1249 2688; x_wconf 81' lang='lat' dir='ltr'><strong>dicta</strong></span> <span class='ocrx_word' id='word_1_278' title='bbox 1278 2647 1364 2689; x_wconf 91' lang='lat' dir='ltr'><strong>sint</strong></span> <span class='ocrx_word' id='word_1_279' title='bbox 1393 2645 1433 2687; x_wconf 92' lang='lat' dir='ltr'><strong>in</strong></span> <span class='ocrx_word' id='word_1_280' title='bbox 1466 2655 1717 2696; x_wconf 90' lang='lat' dir='ltr'><strong>unoquoque</strong></span> <span class='ocrx_word' id='word_1_281' title='bbox 1750 2645 1838 2687; x_wconf 91' lang='lat' dir='ltr'><strong>loco</strong></span> <span class='ocrx_word' id='word_1_282' title='bbox 1868 2656 1920 2686; x_wconf 87' lang='lat' dir='ltr'><strong>ex</strong></span> <span class='ocrx_word' id='word_1_283' title='bbox 1949 2645 2122 2697; x_wconf 88' lang='lat' dir='ltr'><strong>reliquis</strong></span> <span class='ocrx_word' id='word_1_284' title='bbox 2154 2644 2423 2696; x_wconf 83' lang='lat' dir='ltr'><strong>intellegitur.</strong></span> 
     </span>
    </p>
   </div>
   <div class='ocr_carea' id='block_1_4' title="bbox 297 2728 1890 2928">
    <p class='ocr_par' dir='ltr' id='par_1_8' title="bbox 297 2728 1890 2928">
     <span class='ocr_line' id='line_1_31' title="bbox 297 2728 644 2779; baseline -0.003 -10"><span class='ocrx_word' id='word_1_285' title='bbox 297 2728 346 2769; x_wconf 90' lang='lat' dir='ltr'><strong>In</strong></span> <span class='ocrx_word' id='word_1_286' title='bbox 381 2740 416 2769; x_wconf 90' lang='lat' dir='ltr'><strong>v.</strong></span> <span class='ocrx_word' id='word_1_287' title='bbox 443 2730 522 2769; x_wconf 83' lang='lat'><strong>687</strong></span> <span class='ocrx_word' id='word_1_288' title='bbox 539 2738 644 2779; x_wconf 88' lang='lat' dir='ltr'><strong>seq.:</strong></span> 
     </span>
     <span class='ocr_line' id='line_1_32' title="bbox 702 2793 1890 2856; baseline 0.004 -17"><span class='ocrx_word' id='word_1_289' title='bbox 702 2793 795 2841; x_wconf 75' lang='grc' dir='ltr'><strong>Οὔκ</strong></span> <span class='ocrx_word' id='word_1_290' title='bbox 824 2797 941 2843; x_wconf 81' lang='grc' dir='ltr'><strong><em>ἔστιν</em></strong></span> <span class='ocrx_word' id='word_1_291' title='bbox 968 2798 1176 2856; x_wconf 63' lang='grc' dir='ltr'><strong><em>’θνητοῖσι</em></strong></span> <span class='ocrx_word' id='word_1_292' title='bbox 1206 2800 1321 2855; x_wconf 78' lang='grc' dir='ltr'><strong><em>πρὸς</em></strong></span> <span class='ocrx_word' id='word_1_293' title='bbox 1345 2795 1592 2850; x_wconf 71' lang='grc' dir='ltr'><strong><em>ἀθανάτους</em></strong></span> <span class='ocrx_word' id='word_1_294' title='bbox 1619 2798 1890 2854; x_wconf 69' lang='grc' dir='ltr'><strong><em>μαχέσασθαι</em></strong></span> 
     </span>
     <span class='ocr_line' id='line_1_33' title="bbox 753 2866 1703 2928; baseline 0.002 -15"><span class='ocrx_word' id='word_1_295' title='bbox 753 2866 854 2915; x_wconf 75' lang='grc' dir='ltr'><strong><em>οὐδὲ</em></strong></span> <span class='ocrx_word' id='word_1_296' title='bbox 884 2872 1004 2928; x_wconf 83' lang='grc' dir='ltr'><strong><em>δίκην</em></strong></span> <span class='ocrx_word' id='word_1_297' title='bbox 1034 2871 1196 2916; x_wconf 74' lang='grc' dir='ltr'><strong><em>εἰπεῖν·</em></strong></span> <span class='ocrx_word' id='word_1_298' title='bbox 1228 2867 1371 2916; x_wconf 85' lang='grc' dir='ltr'><strong><em>ουδενὶ</em></strong></span> <span class='ocrx_word' id='word_1_299' title='bbox 1400 2874 1529 2915; x_wconf 83' lang='grc' dir='ltr'><strong><em>τοῦτο</em></strong></span> <span class='ocrx_word' id='word_1_300' title='bbox 1559 2872 1703 2926; x_wconf 71' lang='grc' dir='ltr'><strong><em>θέμις.</em></strong></span> 
     </span>
    </p>
   </div>
   <div class='ocr_carea' id='block_1_5' title="bbox 165 2956 2556 3087">
    <p class='ocr_par' dir='ltr' id='par_1_9' title="bbox 165 2956 2556 3087">
     <span class='ocr_line' id='line_1_34' title="bbox 166 2956 2556 3024; baseline 0.001 -23"><span class='ocrx_word' id='word_1_301' title='bbox 166 2958 310 3002; x_wconf 88' lang='lat' dir='ltr'><strong>dubito</strong></span> <span class='ocrx_word' id='word_1_302' title='bbox 343 2959 394 3002; x_wconf 83' lang='lat' dir='ltr'><strong>de</strong></span> <span class='ocrx_word' id='word_1_303' title='bbox 420 2959 558 3001; x_wconf 80' lang='lat' dir='ltr'><strong>verbis</strong></span> <span class='ocrx_word' id='word_1_304' title='bbox 585 2957 705 3014; x_wconf 88' lang='grc' dir='ltr'><strong><em>δίκην</em></strong></span> <span class='ocrx_word' id='word_1_305' title='bbox 735 2956 889 3002; x_wconf 83' lang='grc' dir='ltr'><strong><em>εἰπεῖν.</em></strong></span> <span class='ocrx_word' id='word_1_306' title='bbox 945 2962 1121 3024; x_wconf 83' lang='lat' dir='ltr'><strong>expecto</strong></span> <span class='ocrx_word' id='word_1_307' title='bbox 1151 2959 1272 3015; x_wconf 87' lang='grc' dir='ltr'><strong><em>δίκην</em></strong></span> <span class='ocrx_word' id='word_1_308' title='bbox 1299 2956 1437 3003; x_wconf 83' lang='grc' dir='ltr'><strong><em>αἰτεῖν</em></strong></span> <span class='ocrx_word' id='word_1_309' title='bbox 1475 2959 1545 3015; x_wconf 83' lang='lat' dir='ltr'><strong>(cf.</strong></span> <span class='ocrx_word' id='word_1_310' title='bbox 1579 2959 1722 3013; x_wconf 81' lang='lat' dir='ltr'><strong>Eurip.</strong></span> <span class='ocrx_word' id='word_1_311' title='bbox 1753 2960 1881 3002; x_wconf 87' lang='lat' dir='ltr'><strong>Andr.</strong></span> <span class='ocrx_word' id='word_1_312' title='bbox 1912 2963 2081 3003; x_wconf 88' lang='lat' dir='ltr'>v.1002</span> <span class='ocrx_word' id='word_1_313' title='bbox 2112 2963 2282 3015; x_wconf 72' lang='grc' dir='ltr'><strong><em>πικρῶς</em></strong></span> <span class='ocrx_word' id='word_1_314' title='bbox 2312 2962 2356 3004; x_wconf 63' lang='grc' dir='ltr'><strong>δὲ</strong></span> <span class='ocrx_word' id='word_1_315' title='bbox 2390 2959 2556 3016; x_wconf 71' lang='grc' dir='ltr'><strong><em>πατρὸς</em></strong></span> 
     </span>
     <span class='ocr_line' id='line_1_35' title="bbox 165 3023 1073 3087; baseline 0.003 -16"><span class='ocrx_word' id='word_1_316' title='bbox 165 3025 224 3086; x_wconf 80' lang='grc' dir='ltr'><strong><em>φί</em></strong></span> <span class='ocrx_word' id='word_1_317' title='bbox 230 3046 321 3073; x_wconf 91' lang='grc' dir='ltr'><strong><em>νιον</em></strong></span> <span class='ocrx_word' id='word_1_318' title='bbox 345 3027 512 3087; x_wconf 80' lang='grc' dir='ltr'><strong><em>αἰτήσει</em></strong></span> <span class='ocrx_word' id='word_1_319' title='bbox 539 3023 704 3086; x_wconf 75' lang='grc' dir='ltr'><strong><em>δίκην’</em></strong></span> <span class='ocrx_word' id='word_1_320' title='bbox 686 3046 846 3073; x_wconf 90' lang='grc' dir='ltr'><strong><em>ανακτα</em></strong></span> <span class='ocrx_word' id='word_1_321' title='bbox 876 3033 1073 3085; x_wconf 80' lang='grc' dir='ltr'><strong><em>Φοῖβον).</em></strong></span> 
     </span>
    </p>
   </div>
   <div class='ocr_carea' id='block_1_6' title="bbox 298 3113 1950 3460">
    <p class='ocr_par' dir='ltr' id='par_1_10' title="bbox 298 3113 1950 3460">
     <span class='ocr_line' id='line_1_36' title="bbox 298 3113 1507 3167; baseline 0.002 -12"><span class='ocrx_word' id='word_1_322' title='bbox 298 3113 346 3155; x_wconf 89' lang='lat' dir='ltr'><strong>In</strong></span> <span class='ocrx_word' id='word_1_323' title='bbox 373 3126 410 3156; x_wconf 82' lang='lat' dir='ltr'><strong>v.</strong></span> <span class='ocrx_word' id='word_1_324' title='bbox 435 3115 514 3157; x_wconf 84' lang='lat'><strong>699</strong></span> <span class='ocrx_word' id='word_1_325' title='bbox 537 3125 1507 3167; x_wconf 44' lang='grc' dir='ltr'><strong>ε(ι(1(1.;ἒ</strong></span> 
     </span>
     <span class='ocr_line' id='line_1_37' title="bbox 675 3180 1803 3243; baseline 0.001 -15.019"><span class='ocrx_word' id='word_1_326' title='bbox 675 3183 872 3242; x_wconf 77' lang='grc' dir='ltr'><strong><em>Πληθει</em></strong></span> <span class='ocrx_word' id='word_1_327' title='bbox 905 3187 942 3230; x_wconf 87' lang='grc' dir='ltr'><strong>δ’</strong></span> <span class='ocrx_word' id='word_1_328' title='bbox 975 3181 1228 3241; x_wconf 76' lang='grc' dir='ltr'><strong><em>ανθρωπων</em></strong></span> <span class='ocrx_word' id='word_1_329' title='bbox 1256 3180 1386 3243; x_wconf 77' lang='grc' dir='ltr'><strong><em>αρετὴ</em></strong></span> <span class='ocrx_word' id='word_1_330' title='bbox 1414 3187 1492 3241; x_wconf 88' lang='grc' dir='ltr'><strong>μία</strong></span> <span class='ocrx_word' id='word_1_331' title='bbox 1521 3186 1680 3242; x_wconf 85' lang='grc' dir='ltr'><strong><em>γίνεται</em></strong></span> <span class='ocrx_word' id='word_1_332' title='bbox 1710 3183 1803 3242; x_wconf 75' lang='grc' dir='ltr'><strong><em>ἥδε,</em></strong></span> 
     </span>
     <span class='ocr_line' id='line_1_38' title="bbox 751 3251 1878 3316; baseline 0.002 -16"><span class='ocrx_word' id='word_1_333' title='bbox 751 3258 982 3302; x_wconf 76' lang='grc' dir='ltr'><strong><em>πλουτεῖν·</em></strong></span> <span class='ocrx_word' id='word_1_334' title='bbox 1017 3261 1104 3300; x_wconf 77' lang='grc' dir='ltr'><strong><em>τῶν</em></strong></span> <span class='ocrx_word' id='word_1_335' title='bbox 1132 3259 1168 3301; x_wconf 88' lang='grc' dir='ltr'><strong>δ’</strong></span> <span class='ocrx_word' id='word_1_336' title='bbox 1201 3252 1342 3300; x_wconf 71' lang='grc' dir='ltr'><strong><em>ἄλλων</em></strong></span> <span class='ocrx_word' id='word_1_337' title='bbox 1371 3254 1496 3302; x_wconf 80' lang='grc' dir='ltr'><strong><em>ουδὲν</em></strong></span> <span class='ocrx_word' id='word_1_338' title='bbox 1525 3253 1591 3313; x_wconf 66' lang='grc' dir='ltr'><strong><em>ἄρ’</em></strong></span> <span class='ocrx_word' id='word_1_339' title='bbox 1623 3251 1674 3315; x_wconf 77' lang='grc' dir='ltr'><strong>ἦν</strong></span> <span class='ocrx_word' id='word_1_340' title='bbox 1706 3253 1878 3316; x_wconf 75' lang='grc' dir='ltr'><strong><em>ὄφελος,</em></strong></span> 
     </span>
     <span class='ocr_line' id='line_1_39' title="bbox 699 3322 1950 3388; baseline 0 -15"><span class='ocrx_word' id='word_1_341' title='bbox 699 3325 787 3373; x_wconf 73' lang='grc' dir='ltr'><strong><em>οὗ’δ</em></strong></span> <span class='ocrx_word' id='word_1_342' title='bbox 824 3329 863 3374; x_wconf 79' lang='grc' dir='ltr'><strong><em>εἰ</em></strong></span> <span class='ocrx_word' id='word_1_343' title='bbox 891 3327 1179 3388; x_wconf 81' lang='grc' dir='ltr'><strong><em>σωφροσύνην</em></strong></span> <span class='ocrx_word' id='word_1_344' title='bbox 1207 3347 1285 3385; x_wconf 87' lang='grc' dir='ltr'><strong><em>ιιεν</em></strong></span> <span class='ocrx_word' id='word_1_345' title='bbox 1315 3328 1432 3384; x_wconf 72' lang='grc' dir='ltr'><strong><em>ἔχοις</em></strong></span> <span class='ocrx_word' id='word_1_346' title='bbox 1460 3322 1723 3387; x_wconf 71' lang='grc' dir='ltr'><strong><em>Ραδαμανθ(</em></strong></span> <span class='ocrx_word' id='word_1_347' title='bbox 1726 3348 1775 3383; x_wconf 91' lang='grc' dir='ltr'><strong><em>ος</em></strong></span> <span class='ocrx_word' id='word_1_348' title='bbox 1803 3326 1950 3382; x_wconf 75' lang='grc' dir='ltr'><strong><em>αὐτοῦ,</em></strong></span> 
     </span>
     <span class='ocr_line' id='line_1_40' title="bbox 755 3399 1680 3460; baseline 0.002 -16"><span class='ocrx_word' id='word_1_349' title='bbox 755 3402 936 3445; x_wconf 82' lang='grc' dir='ltr'><strong><em>πλείονα</em></strong></span> <span class='ocrx_word' id='word_1_350' title='bbox 962 3403 998 3445; x_wconf 84' lang='grc' dir='ltr'><strong>δ’</strong></span> <span class='ocrx_word' id='word_1_351' title='bbox 1032 3400 1189 3458; x_wconf 76' lang='grc' dir='ltr'><strong><em>εἰδείης</em></strong></span> <span class='ocrx_word' id='word_1_352' title='bbox 1218 3399 1413 3460; x_wconf 81' lang='grc' dir='ltr'><strong><em>Σισύφου</em></strong></span> <span class='ocrx_word' id='word_1_353' title='bbox 1445 3401 1680 3456; x_wconf 81' lang='grc' dir='ltr'><strong><em>Αἶολίδεω,</em></strong></span> 
     </span>
    </p>
   </div>
  </div>
 </body>
</html>
