2930 3880
1497 385 1544 422 12

323 518 504 562 quorum
536 507 614 550 hoc
643 506 841 549 ultimum
869 517 922 547 ne
950 505 1090 558 potuit
1114 503 1280 558 quidem
1309 515 1384 557 per
1413 515 1460 545 se
1481 502 1662 555 excerpi,
1692 514 1788 545 cum
1812 501 1970 546 nullam
1991 502 2488 546 contineatisententiam.
2519 504 2591 547 sed
2610 504 2723 555 quin

319 580 545 625 coniuncta
574 578 735 622 fuerint
773 578 923 628 omnia,
965 577 1070 620 nihil
1106 576 1260 620 obstat.
1315 574 1483 617 Scilicet
1518 571 1704 616 amasius
1739 573 1926 617 convitiis
1966 574 2075 616 alius
2114 576 2329 628 permotus
2370 585 2462 618 sese
2498 575 2654 618 avertit
2692 588 2726 619 a·

322 657 463 706 poeta,
495 653 563 704 qui
596 662 708 693 nunc
737 652 781 693 et
810 650 902 703 ipse
932 650 1142 693 amicitiae
1170 646 1380 690 vinculum
1411 650 1629 698 tamquam
1658 648 1750 688 rete
1776 657 2053 699 perrumpens
2081 646 2240 689 avolat:

850 719 1044 762 Σκέπτεο
1075 715 1126 775 δὴ
1160 718 1238 759 νῦν
1265 710 1409 770 ἄλλον,
1440 714 1538 769 ἐμοί
1567 730 1613 771 γε
1643 715 1722 770 μὲν
1750 709 1868 767 οῗῖτις
1896 710 2053 772 ἀνάγκη

906 783 1010 834 αὖθ’
1041 789 1194 843 ἕρδειν,
1226 790 1314 829 τῶν
1342 785 1401 845 μὴ
1430 784 1611 843 πρόσθε
1641 784 1764 843 χάριν
1795 787 1968 830 τίθεσο.

851 858 929 919 ’ἤδη
955 862 1025 904 καὶ
1056 856 1346 915 πτερύγεσσιν
1374 848 1611 915 ἐπαίρομαι
1645 856 1758 903 ὥστε
1787 857 1988 902 πετεινόν

907 934 951 976 ἑκ
984 933 1124 988 λινέης
1157 931 1353 988 νεφέλης,
1381 924 1516 986 ἄνδρα
1547 929 1680 974 κακὸν
1711 928 1953 989 προφυγών

848 1002 1008 1060 βρόχον
1036 998 1308 1062 ἀπορρήξας·
1340 1000 1392 1046 σύ
1426 1004 1462 1046 δ’
1497 1003 1602 1060 ἐμῆς
1630 1000 1866 1061 φιλότητος
1892 1000 2097 1058 ἁμαρτών

906 1074 1088 1131 ὕστερον
1117 1073 1327 1133 ἡμετέρην
1357 1072 1499 1134 γνώσῃ
1531 1073 1839 1134 ἐπιφροσύνην,

850 1143 1008 1203 χῶστις
1034 1164 1107 1192 σοι
1133 1145 1367 1202 βούλευσεν
1397 1147 1499 1203 ἐμεῦ
1529 1147 1646 1203 πέρι,
1674 1149 1746 1191 καί
1773 1149 1811 1192 σ’
1844 1147 2064 1191 ἐκέλευσεν

910 1218 1114 1275 οἴχεσθαι
1143 1217 1412 1277 προλιπόνθ’
1446 1216 1654 1278 ἡμετέρην
1681 1220 1841 1279 φιλίην.

325 1294 482 1354 χῶστις
513 1298 576 1354 (et
606 1298 678 1340 ille
703 1296 850 1350 vqualis
871 1296 944 1338 sit
972 1294 1060 1350 qui)
1097 1295 1182 1337 iam
1221 1293 1529 1338 Boissonadum
1563 1295 1828 1349 proposuisse
1866 1306 1976 1336 nunc
2015 1293 2147 1346 video,
2194 1296 2238 1337 et
2277 1292 2323 1336 ἐκ
2361 1292 2500 1348 λινέης
2542 1291 2722 1351 νεφέλης

326 1370 559 1426 (Aristoph.
593 1370 672 1412 Av.
706 1371 784 1412 527
826 1364 1024 1422 βρόχους,
1068 1366 1263 1422 παγίδας,
1305 1365 1503 1421 ῥάβδους,
1534 1362 1650 1420 ἕρκη,
1687 1363 1883 1421 νεφέλας,
1920 1362 2081 1415 δίκτυα,
2126 1358 2315 1419 πηκτάς)
2352 1362 2584 1406 Graefium.
2640 1363 2723 1415 Qui

324 1445 370 1488 ἑκ
399 1440 539 1499 λύμης
566 1438 751 1498 μεγάλης
780 1442 848 1484 vel
877 1440 1029 1483 similia
1067 1440 1349 1492 coniecerunt,
1385 1450 1469 1481 non
1499 1437 1706 1489 cogitasse
1732 1437 1941 1489 videntur,
1980 1436 2257 1491 praemissam
2286 1447 2378 1479 esse
2405 1448 2430 1477 a
2460 1438 2587 1490 poeta
2619 1435 2723 1479 retis

324 1515 681 1570 significationem,
723 1518 772 1558 ut
799 1514 1149 1566 intellegerentur
1183 1511 1402 1564 sequentia
1437 1509 1566 1553 verba
1594 1501 1728 1563 ἄνδρα
1758 1505 1890 1550 κακὸν
1918 1503 2170 1565 προφυγών,
2198 1519 2309 1561 quae
2337 1508 2391 1551 ad
2423 1519 2631 1562 aucupem
2657 1520 2722 1550 re-

327 1588 501 1632 ferenda
530 1591 642 1639 sunt,
687 1590 730 1629 et
757 1581 919 1641 βρόχον
952 1579 1215 1641 ἀπορρήξας,
1264 1594 1372 1635 quae
1403 1583 1464 1624 ita
1498 1581 1725 1625 cohaerent
1757 1594 1852 1624 cum
1883 1581 2022 1625 Verbis
2050 1574 2184 1635 ἄνδρα
2213 1576 2345 1624 κακὸν
2373 1575 2633 1637 προφυγών,
2675 1583 2724 1623 ut

325 1654 578 1715 ἀπορρήξας
606 1662 796 1712 tempore
825 1650 1049 1700 antecedat
1077 1655 1252 1698 verbum
1281 1651 1532 1712 προφυγών.

459 1731 579 1782 Quod
610 1731 652 1773 in
682 1728 874 1774 versibus
904 1730 1148 1771 429—-4382

861 1803 1002 1844 Φῦσαι
1035 1801 1106 1843 καὶ
1135 1799 1303 1856 θρέψαι
1337 1802 1442 1859 ῥᾷον
1468 1797 1632 1855 βροτόν
1658 1795 1684 1858 ἢ
1713 1799 1874 1857 φρένας
1904 1795 2067 1848 ἐσθλὰς

915 1873 1120 1928 ἕνθέμεν·
1150 1867 1293 1925 οὐδείς
1321 1889 1394 1920 πω
1422 1870 1553 1917 τοῦτό
1582 1875 1618 1928 γ’
1650 1868 1946 1930 ἐπεφράσατο,

859 1937 894 2002 «ᾗ
924 1956 990 1997 τις
1019 1942 1213 2003 σώφρον’
1244 1943 1381 2002 ἔθηκε
1410 1945 1487 1989 τὸν
1514 1938 1687 2004 ἄφρονα
1715 1939 1795 1987 κᾶκ
1823 1945 1956 1987 κακοῦ
1987 1938 2162 1986 ἐσθλόν.

915 2016 955 2062 εἰ
982 2019 1019 2078 δ’
1050 2013 1389 2075 Ἀσκληπιάδαις
1418 2015 1549 2061 τοῦτό
1582 2019 1620 2074 γ’
1652 2015 1788 2061 ἔδωκε
1818 2012 1941 2067 θεός,

859 2089 1013 2134 ἰᾶσθαι
1042 2087 1259 2147 κακότητα
1289 2090 1360 2133 καὶ
1385 2085 1546 2147 ἆτηράς
1576 2090 1738 2148 φρένας
1762 2085 1943 2145 ἀνδρῶν,

915 2160 1108 2215 πολλοὺς
1138 2159 1191 2205 ἂν
1219 2159 1412 2218 μισθοὺς
1439 2163 1511 2206 καὶ
1540 2159 1753 2219 μεγάλους
1783 2159 1958 2219 ἔφερον.

859 2234 897 2279 εἰ
927 2237 963 2279 δ’
1001 2228 1048 2294 ἧν
1077 2233 1265 2292 ποιητόν
1295 2252 1340 2278 τε
1370 2236 1442 2278 καὶ
1471 2233 1657 2279 ἔνθετον
1685 2231 1808 2290 ἀνδρὶ
1837 2229 1987 2291 νόημα,

915 2302 967 2351 οὔ
996 2309 1095 2351 ποτ’
1127 2305 1179 2350 ἂν
1208 2308 1257 2362 ἐξ
1283 2302 1459 2364 dyacona?
1489 2305 1657 2363 πατρὸς
1688 2305 1834 2364 ἔγεντο
1863 2302 2008 2359 κακός,

859 2378 1130 2436 πειθόμενος
1163 2377 1351 2435 μύθοισι
1378 2377 1640 2438 σαόφροσιν·
1673 2373 1780 2422 ἀλλὰ
1809 2375 2024 2422 διδάσκων

916 2447 969 2496 οὔ
998 2469 1109 2495 ποτε
1142 2449 1344 2509 ποιήσεις
1372 2451 1449 2495 τὸν
1479 2449 1611 2495 κακὸν
1639 2445 1758 2507 ἄνδρ’
1787 2445 1969 2507 ἀγαθόν.

333 2527 540 2582 Bergkius
577 2527 765 2570 ordinem
795 2538 992 2570 versuum
1030 2526 1083 2569 ab
1118 2526 1210 2580 ipso
1237 2525 1478 2580 Theognide
1511 2525 1755 2569 institutum
1793 2538 1820 2568 a
1849 2524 2087 2567 breviatore
2123 2534 2297 2577 prorsus
2327 2522 2606 2566 immutatum
2640 2532 2731 2565 esse

333 2598 585 2649 adfirmavit,
617 2610 701 2642 non
730 2597 866 2653 colligi
893 2598 971 2641 hoc
1000 2610 1123 2651 posse
1155 2597 1340 2640 arbitror
1370 2610 1422 2640 ex
1452 2598 1590 2641 verbis
1619 2597 1814 2641 Platonis
1841 2597 1883 2639 in
1911 2596 2091 2640 Menone
2121 2595 2179 2648 (p.
2207 2594 2307 2649 95):
2357 2593 2402 2636 ἐν
2428 2594 2579 2645 ἄλλοις
2607 2592 2656 2636 δέ
2683 2608 2729 2648 γε

333 2673 478 2724 (antea
508 2684 546 2714 V.
575 2673 628 2713 33
655 2682 769 2725 seqq.
800 2671 959 2725 tetigit)
1004 2664 1150 2726 ὀλίγον
1191 2667 1382 2724 μεταβὰς
1426 2667 1474 2712 εἰ
1515 2667 1552 2711 δ’
1589 2659 1648 2726 ἦν
1686 2664 1948 2724 ποιητόν,
1995 2666 2139 2724 φησὶν,
2176 2666 2266 2709 καὶ
2306 2664 2437 2710 ἔνθι
2451 2681 2540 2709 τον
2576 2659 2729 2721 ἆνδρὶ

335 2739 527 2797 νόημα,
569 2740 677 2796 λέγει
713 2757 810 2792 πως
840 2738 909 2783 ὅτι
938 2738 1184 2792 πολλοὺς
1220 2736 1278 2783 ἂν
1313 2736 1686 2795 μισθοὺςγκαὶ
1719 2736 1993 2796 μεγάλους
2026 2736 2232 2796 ἔφερον
2265 2735 2307 2782 οὶ
2338 2733 2567 2792 δυνάμενοι
2594 2740 2729 2781 τοῦτο

334 2818 495 2868 ποιεῖν,
533 2812 603 2855 καὶ
644 2814 705 2855 οὔ
738 2814 853 2855 ποτ’
892 2809 952 2854 ἂν
990 2812 1054 2867 ἐξ
1080 2808 1292 2868 ἀγαθοῦ
1332 2810 1545 2869 πατρὸς
1581 2810 1773 2868 ἔγεντο
1810 2806 1975 2861 κακός
2011 2826 2047 2853 κ.
2078 2826 2115 2852 τ.
2145 2810 2183 2852 λ.
2240 2810 2386 2864 Neque
2422 2810 2500 2854 hoc
2537 2810 2733 2854 firmatur

334 2888 511 2931 Aristot.
542 2885 640 2930 Eth.
672 2886 758 2929 Nic.
790 2886 839 2938 X,
874 2888 925 2928 10
952 2886 1111 2931 verbis:
1174 2884 1213 2929 εἰ
1243 2884 1321 2941 μὲν
1356 2877 1431 2928 οὖν
1462 2876 1569 2942 ἧῖῐαν
1599 2881 1641 2927 οἱ
1670 2880 1791 2940 λόγοι
1821 2879 2045 2938 αὐτάρκεις
2080 2879 2194 2937 πρὸς
2219 2878 2270 2925 τὸ
2300 2882 2481 2938 ποιῆσαι
2511 2881 2731 2938 ἐπιεικεῖς,

334 2956 526 3011 πολλοὺς
559 2955 611 3001 ἂν
649 2954 841 3013 μισθοὺς
878 2959 948 3001 καὶ
985 2955 1197 3015 μεγάλους
1236 2958 1413 3010 δικαίως
1451 2956 1613 3016 ἔφερον
1650 2954 1759 2999 κατὰ
1782 2954 1869 2999 -τὸν
1899 2953 2078 3011 Θεόγνιν
2105 2971 2143 2997 κ.
2173 2971 2211 2998 τ.
2240 2955 2277 2997 λ.
2332 2955 2450 2999 Sicut
2478 2955 2732 3000 Aristoteles

334 3033 588 3076 sententiam
619 3031 874 3085 Theognidis
910 3032 950 3074 in
985 3033 1225 3076 universum
1266 3032 1469 3076 adhibens
1503 3044 1542 3074 v.
1565 3033 1647 3073 435
1685 3031 1739 3074 ad
1777 3024 1932 3084 λόγους
1967 3039 2065 3071 suos
2102 3028 2267 3082 retulit,
2311 3027 2369 3072 sic
2398 3027 2522 3072 Plato
2552 3039 2732 3083 quoque,

336 3106 447 3159 quod
481 3106 520 3148 ei
547 3103 757 3148 familiare
786 3109 865 3157 est,
901 3105 1075 3150 liberius
1105 3106 1243 3150 verbis
1272 3108 1422 3159 poetae
1453 3116 1557 3147 usus
1588 3106 1665 3147 est.
1697 3102 1798 3145 dum
1828 3101 1940 3146 enim
1969 3101 2021 3144 de
2049 3101 2250 3154 sophistis
2279 3101 2477 3155 loquitur,
2525 3100 2732 3156 Theogni-

337 3177 400 3220 dis
429 3176 707 3231 Asclepiadae
735 3177 774 3219 ei
803 3178 941 3220 minus
969 3177 1283 3229 conveniebant,
1327 3189 1469 3230 quare,
1510 3188 1635 3220 versu
1665 3175 1908 3228 posteriore,
1951 3173 2022 3226 qui
2051 3185 2259 3216 summam
2290 3175 2350 3216 rei
2384 3173 2580 3226 continet,
2610 3186 2730 3227 prae-

337 3249 474 3300 misso,
506 3248 757 3303 interposuit
786 3249 912 3291 verba
946 3246 988 3291 οὶ
1016 3245 1245 3303 δυνάμενοι
1273 3251 1408 3291 τοῦτο
1441 3251 1588 3292 ποιεῖν
1617 3247 1685 3300 (cf.
1701 3247 1814 3291 Plat.
1829 3246 1939 3301 legg.
1958 3258 1999 3300 p.
2020 3248 2100 3288 629
2116 3248 2161 3289 et
2176 3248 2269 3298 660,
2301 3246 2372 3289 ubi
2391 3258 2538 3290 versus
2557 3246 2729 3302 Tyrtaei

336 3319 387 3362 fr.
403 3320 484 3362 XII
510 3321 590 3364 hoc
609 3321 754 3363 ordine
771 3324 1022 3374 tanguntur:
1058 3325 1092 3364 1.
1105 3325 1143 3364 6.
1162 3325 1206 3365 et
1223 3323 1257 3365 1.
1278 3325 1340 3365 12.
1374 3323 1438 3364 11.
1460 3322 1513 3376 4).
1546 3321 1673 3375 Apud
1688 3318 1973 3374 Theognidem
1994 3330 2088 3362 cum
2110 3318 2282 3363 medicis
2301 3320 2523 3364 coniuncta
2543 3322 2665 3363 erant
2689 3322 2733 3361 et

340 3396 467 3439 verba
494 3392 647 3438 ἰᾶσθαι
679 3391 892 3451 κακότητα
920 3395 990 3437 καὶ
1016 3389 1177 3451 άτηράς
1205 3395 1366 3451 φρένας
1403 3397 1446 3440 et
1470 3392 1643 3449 μισθοὶ,
1684 3393 1757 3450 qui
1783 3403 1885 3436 sane
1913 3390 2105 3436 Platonis
2133 3391 2393 3445 temporibus
2424 3392 2552 3436 etiam
2582 3391 2636 3434 ad
2666 3402 2730 3434 so—
