2930 3880
1351 399 1399 438 11

177 520 354 579 χρήματ’
394 519 504 567 §niv
530 521 727 578 καταθῇς
754 535 793 562 κ.
822 533 860 561 τ.
887 518 939 571 λ.,
968 518 1093 571 quod,
1132 529 1228 562 cum
1261 516 1518 560 constructio
1545 515 1743 559 inchoata
1774 514 2006 558 continuari
2037 515 2261 569 videretur,
2303 517 2345 559 in
2373 513 2567 571 χρήματα

179 596 216 639 δ’
248 595 488 652 ἐγκαταθῇς
516 594 638 637 abiit:
1426 642 1438 648 ,-

706 664 869 715 παῖδας
898 663 997 706 ε’πεὶ
1027 662 1224 718 θρέψαιο
1253 661 1325 704 καὶ
1353 653 1516 715 ὄρμενα
1546 656 1688 701 πάντα
1715 654 1969 713 παράσχοις,

762 733 942 793 χρήματ’
973 732 1084 792 ἐπὴν
1111 735 1308 791 καταθῇς
1337 728 1463 775 πόλλ’
1494 726 1647 788 ἆνιηροὶ
1678 728 1856 782 παθών,

708 806 783 851 τὸν
812 808 962 863 πατέρ’
1001 805 1260 862 ἐχθαίρουσι
1289 806 1561 859 καταρῶνται
1588 804 1624 846 τ’
1660 798 1927 858 ἀπολέσθαι,

763 881 834 923 καὶ
863 879 1084 936 στυγέουσ’
1119 875 1270 933 ὥσπερ
1300 874 1479 930 πτωχὸν
1508 873 1828 931 ἐπερχόμενον»

179 957 408 1000 Praeterea
441 956 482 998 in
510 951 648 998 verbis
677 954 787 998 hanc
815 954 1066 997 sententiam
1098 949 1474 1002 introducentibus,
1519 953 1568 991 ut
1596 949 1731 1004 magis
1758 961 1835 1002 per
1864 961 1910 992 se
1937 951 2062 999 stent,
2098 948 2246 991 vocula
2277 947 2322 989 ἓν
2352 949 2572 993 inserenda

179 1029 359 1079 videtur,
389 1027 476 1071 sive
506 1027 625 1069 initio
655 1023 702 1069 ἓν
732 1022 909 1067 πάντων
936 1023 983 1068 δὲ
1011 1020 1215 1067 κάκιστον
1242 1023 1330 1066 sive
1358 1022 1403 1064 in
1429 1021 1514 1064 fine
1542 1019 1588 1063 ἕν
1617 1036 1659 1064 τι
1688 1017 1998 1077 πονηρότατον,
2025 1019 2073 1062 In
2101 1018 2338 1073 fragmento
2368 1033 2417 1063 ex
2450 1020 2573 1064 Euri-

178 1101 286 1155 pidis
318 1099 526 1143 Phoenice
554 1099 622 1152 (N.
651 1101 764 1151 803),
812 1098 855 1141 in
891 1110 973 1151 quo
1008 1095 1163 1139 similia
1197 1095 1406 1147 dicuntur,
1450 1094 1530 1138 nisi
1569 1094 1681 1147 quod
1719 1094 1803 1137 illic
1842 1094 1912 1137 de
1936 1092 2132 1136 heroibus
2168 1104 2306 1135 sermo
2345 1096 2410 1136 est
2448 1097 2490 1135 et
2523 1094 2575 1135 de

179 1172 356 1227 imperio
388 1171 532 1215 liberis
561 1171 786 1214 tradendo:

709 1237 799 1284 ἄλλ’
831 1235 992 1284 οὔποτ’
1024 1235 1156 1290 αὐτὸς
1185 1235 1427 1294 ἆμπλακιόν
1454 1232 1586 1281 ἄλλον
1614 1236 1776 1293 βροτὸν

711 1311 1013 1368 παραινέσαιμ’
1048 1308 1104 1355 ἂν
1133 1310 1260 1353 παισὶ
1286 1312 1555 1364 προσθεῖναι
1581 1305 1726 1366 κράτη,

713 1386 818 1439 πρὶν
845 1381 898 1427 ἃν
925 1386 1016 1426 κατ’
1047 1377 1193 1427 ι’)’σσων
1221 1367 1402 1439 τυγχάνῃ
1431 1381 1564 1436 μέλας
1591 1378 1762 1436 σκότος,

712 1457 752 1503 εἰ
778 1455 860 1515 χρὴ
890 1458 1087 1500 διελθεῖν
1113 1453 1229 1510 πρὸς
1258 1455 1419 1498 τέκνων
1449 1450 1695 1508 νικώμενον.
2055 1509 2062 1512 ἢ

182 1536 357 1580 ultimus
378 1546 526 1578 versus
546 1535 770 1587 corruptus
790 1535 867 1575 est.
899 1530 1184 1574 Weckleinius
1212 1541 1346 1583 nuper
1375 1527 1610 1582 proposuit:
1641 1524 1680 1569 εἰ
1709 1523 1789 1582 χρή
1823 1526 2017 1569 διελθεῖν
2046 1514 2106 1582 μή
2139 1528 2299 1570 τέκνων
2331 1525 2576 1581 νικώμενον.

184 1608 478 1662 corrigendum
511 1609 576 1649 est
604 1604 673 1659 (cf.
705 1600 730 1662 ἢ
759 1603 921 1660 γυναιξὶ
951 1599 1175 1645 δουλεύειν
1205 1597 1344 1658 χρεών
1372 1600 1509 1643 Orest.
1538 1611 1577 1641 v.
1597 1600 1716 1654 937):

716 1669 742 1731 ἢ
770 1670 849 1732 χρὴ
879 1673 1075 1715 διελθεῖν
1105 1669 1218 1727 πρὸς
1246 1671 1407 1714 τέκνων
1439 1667 1687 1726 νικώμενον.

320 1749 383 1792 Ad
413 1761 449 1792 v.
475 1751 554 1791 563
571 1758 705 1800 seqq:

275 1833 286 1840 ·
717 1818 972 1874 Κεκλῆσθαι
1003 1817 1039 1860 δ’
1071 1816 1115 1867 ἐς
1143 1817 1283 1871 δαῖτα,
1314 1816 1583 1870 παρέξεσθαι
1617 1814 1664 1858 δὲ
1693 1817 1798 1870 παρ’
1831 1813 1994 1859 ἐσθλὸν

768 1882 903 1944 ἄνδρα
929 1884 1068 1942 χρεών
1097 1887 1258 1945 σοφίην
1289 1889 1432 1931 πᾶσαν
1462 1883 1764 1940 ἐπιστάμενον.

714 1962 792 2004 τοῦ
826 1962 1002 2015 συνιεῖν,
1029 1955 1200 2002 ὁπόταν
1229 1973 1270 2000 τι
1297 1957 1395 2015 λέγῃ
1428 1954 1582 2015 σοφόν,
1614 1952 1731 2016 ὄφρα
1760 1958 1972 2017 διδαχθῇς

773 2032 844 2075 καὶ
874 2033 991 2075 τοῦτ’
1021 2029 1084 2082 εἰς
1112 2025 1234 2074 οἶκον
1262 2029 1414 2087 κέρδος
1444 2027 1555 2083 ἔχων
1581 2024 1727 2087 ἀπίῃς.

187 2108 413 2150 adnotant:
444 2110 542 2150 ante
570 2106 752 2160 primum
784 2118 952 2149 versum
981 2105 1114 2148 videri
1143 2105 1269 2158 plura
1298 2104 1530 2157 intercepta
1560 2115 1662 2146 esse.
1711 2103 1805 2147 Non
1834 2103 1967 2158 video,
1995 2105 2136 2157 qualia
2164 2104 2320 2148 fuerint
2348 2104 2440 2146 ista.
2472 2102 2577 2145 mihi

185 2180 336 2223 calami
367 2178 580 2222 erroribus
609 2178 817 2222 dissoluta
847 2189 937 2222 esse
968 2177 1174 2229 videntur,
1207 2188 1315 2229 quae
1344 2177 1443 2219 olim
1471 2179 1586 2220 arcte
1617 2187 1773 2219 conexa
1804 2179 1938 2228 erant,
1966 2177 2008 2219 in
2034 2178 2147 2221 hunc
2175 2176 2262 2221 fere
2291 2176 2476 2219 modum:
2524 2170 2577 2229 ἢν

186 2251 354 2309 κληθῇς
381 2249 457 2292 ἐπὶ
486 2249 613 2292 δαῖτα
642 2251 729 2293 Sive

716 2320 984 2377 εἰσκληθέντ’
1013 2321 1057 2373 ἐς
1086 2322 1213 2364 δαῖτα
1240 2319 1512 2375 παρέζεσθαί
1540 2335 1585 2362 τε
1616 2321 1717 2374 παρ’
1753 2318 1917 2362 ἐσθλὸν

772 2386 906 2448 ὅνδρα
933 2390 1072 2448 χρεών
1101 2391 1261 2449 σοφίην
1291 2393 1435 2433 πᾶσαν
1463 2387 1768 2444 ἐπιστάμενον,

717 2467 794 2508 τοῦ
825 2464 1006 2519 συνέμεν
1033 2464 1095 2518 θ’,
1123 2460 1291 2507 ὁπόταν
1315 2479 1357 2505 τι
1385 2462 1484 2519 λέγῃ
1514 2460 1666 2521 σοφόν,
1700 2456 1819 2519 ὄφρα
1842 2461 2054 2519 διδαχθῇς

772 2538 844 2579 καὶ
872 2537 988 2580 τοῦτ’
1023 2534 1087 2587 εἷς
1116 2530 1238 2578 οἷκον
1267 2535 1420 2590 κέρδος
1450 2532 1562 2588 ἔχων
1589 2529 1737 2592 ἀπίῃς.

190 2611 227 2654 si
258 2612 296 2653 Θ
325 2613 427 2653 ante
457 2610 494 2651 Ο
521 2608 747 2661 intercidit,
775 2609 1014 2652 necessaria
1042 2610 1136 2651 erat
1163 2607 1301 2651 forma
1328 2610 1503 2650 συνιεῖν.

322 2681 570 2725 cohaesisse
597 2681 695 2724 olim
725 2681 963 2735 putaverim
994 2681 1120 2723 etiam
1150 2680 1235 2723 tria
1265 2678 1401 2722 frusta
1434 2692 1543 2734 quae
1574 2692 1682 2722 nunc
1712 2682 1967 2732 separantur
1997 2691 2035 2721 v.
2062 2679 2165 2719 1095
2183 2687 2292 2729 seq.:

718 2751 911 2795 Σκέπτεο
942 2750 994 2809 δὴ
1023 2754 1097 2795 νῦν
1130 2745 1275 2804 ἄλλον,
1306 2751 1404 2806 ἐμοί
1430 2766 1476 2806 γε
1509 2750 1588 2805 μὲν
1618 2744 1736 2802 οὔτις
1764 2745 1920 2806 ἀνάγκη

774 2825 899 2867 τοῦθ’
932 2823 1084 2879 ἕρδειν,
1115 2825 1202 2866 τῶν
1231 2839 1304 2878 μοι
1338 2819 1516 2878 πρόσθε
1543 2819 1665 2877 χάριν
1695 2822 1867 2865 τίθεσο.

192 2915 228 2946 V.
253 2904 548 2945 1097—llOO:
1410 2908 1433 2923 ⁸

709 2965 826 3030 ’Ήδη
856 2973 928 3016 καὶ
957 2970 1240 3034 πτερύγεσσιν
1270 2969 1504 3027 ἐπαίρομαι
1540 2967 1651 3014 ὥστε
1683 2968 1883 3014 πετεινόν

776 3045 822 3088 έκ
851 3045 1002 3101 λίμνης
1030 3041 1226 3101 μεγάλης,
1257 3037 1392 3098 ἄνδρα
1418 3043 1548 3086 κακὸν
1576 3037 1831 3100 προφυγών,

719 3115 878 3173 βρόχον
906 3112 1173 3176 ἀπορρήξας·
1205 3113 1257 3159 σύ
1287 3116 1324 3159 δ’
1354 3115 1458 3172 ἐμῆς
1484 3113 1719 3173 φιλότητος
1746 3111 1949 3171 ἁμαρτών

777 3188 955 3245 ὕστερον
985 3187 1192 3247 ἡμετέρην
1218 3185 1361 3246 γνώσῃ
1393 3186 1702 3246 ἐπιφροσύνην.

193 3269 238 3309 et
265 3267 369 3308 1101
392 3275 478 3317 seq.
492 3279 510 3306 :⁴

710 3326 853 3382 Ὅστις
881 3346 953 3374 σοι
979 3327 1213 3385 βούλευσεν
1242 3329 1344 3384 ἐμεῦ
1372 3329 1486 3384 πέρι,
1520 3328 1591 3370 καί
1619 3328 1657 3370 σ’
1687 3327 1906 3370 ἐκέλευσεν

777 3399 979 3456 οἴχεσθαι
1007 3398 1279 3458 προλιπόνθ’
1313 3398 1519 3459 ἡμετέρην
1548 3399 1707 3458 φιλίην.
