2930 3880
1489 190 1551 236 20

322 318 398 361 ubi
427 318 468 359 in
499 315 636 358 verbis
666 311 835 369 ψυχρὸν
866 308 914 366 ὃς
942 315 987 357 ἐν
1014 312 1168 372 κόλπῳ
1195 315 1397 359 ποικίλον
1426 311 1539 370 εἶχες
1567 310 1684 374 ὅφιν,
1716 318 1867 371 quibus
1896 319 1967 372 qui
1996 320 2180 372 loquitur
2201 333 2246 364 se
2264 320 2401 372 ipsum
2422 320 2560 374 potius
2587 324 2716 378 signi-

323 388 504 439 ficasset,
526 387 808 430 necessarium
828 391 893 430 est
917 388 1028 442 quod
1043 387 1252 442 Bergkius
1278 388 1465 431 restituit
1484 387 1532 430 σὲ
1550 420 1558 429 .
1578 421 1586 429 .
1604 420 1613 430 .
1632 383 1749 441 εἶχον
1777 390 2019 444 (postquam
2045 405 2120 446 pro
2151 388 2320 447 ψυχρόν
2348 391 2387 434 σ’
2416 405 2558 437 errore
2587 396 2715 451 scrip-

320 465 413 503 tum
444 463 507 502 est
537 455 706 513 ψυχρὸν
740 453 800 510 ὃς,
833 460 1066 502 necessario
1097 460 1351 513 sequebatur
1382 454 1522 513 εἶχες),
1554 460 1626 503 sed
1656 460 1758 504 ferri
1785 468 2000 517 nequeunt
2025 464 2130 508 haec
2159 465 2241 508 duo
2270 465 2478 514 adiectiva
2505 478 2588 509 non
2621 481 2714 511 con-

322 534 483 575 iuncta:
512 528 683 587 ψυχρὸν
798 531 999 574 ποικίλον
1115 526 1230 589 ὅφιν.
1273 533 1361 575 loco
1394 532 1568 575 alterius
1597 536 1724 585 poeta
1752 536 2005 578 adiectivum
2033 538 2222 590 posuisse
2252 537 2481 581 censendus
2509 540 2575 581 est
2603 540 2713 591 quod

323 617 417 647 cum
447 616 547 648 voce
575 603 646 646 καὶ
674 608 762 649 tres
790 609 959 648 tantum
987 604 1169 658 syllabas
1198 603 1414 646 efficiebat.
1447 604 1710 648 restituenda
1737 619 1818 650 vox
1851 609 1903 650 de
1934 610 2140 662 anguibus
2169 611 2358 664 propria:
2394 606 2542 660 αἰόλος
2572 611 2714 662 (Hom.

328 678 475 731 Τρῶες
507 677 543 719 δ’
571 676 795 733 ἐρρίγησαν
823 675 924 720 ἐπεὶ
951 674 1048 720 ἴδον
1077 673 1225 718 αἰόλον
1258 668 1372 730 ἷίφιν,
1412 674 1603 727 Sophocl.
1635 674 1786 728 αἰόλος
1817 677 2021 733 δράκων),
2059 693 2167 735 quae
2198 682 2256 724 sic
2287 683 2327 724 in
2359 683 2544 726 codicum
2574 683 2716 727 lectio-

322 762 418 792 nem
448 750 601 793 abiisse
629 751 816 792 videtur:

1388 819 1547 852 κοικίλον

855 865 1022 923 ψυχρόν
1049 868 1087 909 σ’
1120 866 1164 908 ἐν
1192 865 1347 920 κόλπῳ
1381 860 1557 906 καῖόλον
1586 858 1704 916 εἶχον
1732 857 1849 920 ὅφιν.

325 943 521 997 (Hesych.
551 939 712 995 αἰόλος,
741 940 951 989 ποικίλος,
985 939 1123 982 Solon.
1154 938 1205 980 fr.
1241 940 1302 988 11,
1337 939 1359 977 7
1393 933 1504 986 ἔπος
1531 933 1680 978 αἰόλον
1709 930 1880 990 ἀνδρός,
1911 938 2030 981 Pind.
2061 939 2181 981 Nem.
2211 940 2410 995 μέγιστον
2438 940 2572 1000 αἰόλῳ
2605 940 2714 999 ψεύ·

324 1015 389 1058 dec
420 1015 544 1071 γέρας
572 1009 806 1063 ἀντέταται,
837 1012 963 1055 schol.
995 1010 1214 1066 ποικίλῳ).

457 1155 635 1197 Tantum
666 1152 801 1201 hodie,
834 1155 997 1194 restant
1026 1151 1110 1194 alia
1138 1151 1243 1194 alias
1274 1150 1539 1204 proferenda.
1577 1162 1771 1204 namque,
1803 1152 1913 1204 quod
1944 1152 2115 1204 gravius
2145 1156 2221 1204 est,
2252 1166 2363 1198 nunc
2392 1155 2491 1197 mihi

454 1421 740 1476 Indioenda
773 1425 894 1477 sunt
923 1419 1189 1475 sollemnia
1220 1395 1416 1490 'quibus
1461 1419 1547 1490 qui
1578 1418 1733 1474 instat
1769 1418 1879 1475 dies
1908 1437 2026 1474 oum
2060 1420 2328 1477 universae
2367 1423 2559 1494 patriae
2601 1430 2714 1480 tum

321 1533 443 1590 huie
468 1533 756 1588 litterarum
782 1531 1099 1587 universitati
1127 1530 1378 1603 imprimis
1405 1532 1569 1586 festus
1597 1529 2075 1589 IMPERATORIS
2101 1532 2520 1590 GERMANIAE
2545 1536 2712 1593 GLO-

320 1644 698 1703 RIOSISSIMI
724 1644 937 1700 REGIS
965 1643 1221 1701 NOSTRI
1248 1643 1734 1702 AVGVSTISSIMI
1760 1645 2106 1722 GVILELMI
2139 1646 2318 1703 natalis
2351 1648 2557 1719 publice
2588 1667 2711 1705 con-

322 1757 678 1814 celebrabitur.
727 1758 797 1812 Et
840 1757 1125 1812 eommunis
1166 1752 1371 1813 nost‘rae
1413 1756 1754 1813 venerationis
1794 1757 2046 1829 interpres
2089 1758 2184 1813 erit
2223 1758 2297 1815 vir
2336 1759 2710 1818 illustrissimus

322 1872 602 1928 ERwist
644 1871 839 1926 NAssn
885 1886 1121 1925 RECTOR
1159 1885 1621 1927 VNIVERSITATIS
1664 1884 2042 1926 MAGNIFlcvs.
2110 1872 2176 1925 ad
2231 1871 2375 1928 cuius
2426 1873 2712 1929 orationem

320 1982 634 2038 audiendam
671 1982 831 2055 ipsius
874 1978 1187 2053 illustrisque
1232 1987 1440 2038 senatus
1482 1982 1689 2037 nomine
1730 1982 2075 2055 perillustrem
2127 1974 2467 2042 universitatis
2508 1992 2709 2042 curato-

322 2113 448 2162 rem,
500 2095 817 2168 professores
873 2101 923 2149 et
979 2096 1214 2151 doctores
1270 2094 1613 2166 amplissimos
1667 2095 1989 2162 clarissimos,
2034 2096 2407 2153 commilitones
2448 2099 2708 2156 ornatissi-

322 2226 451 2274 mos,
500 2208 829 2278 magistratus
870 2214 983 2262 tum
1029 2207 1202 2278 regios
1243 2215 1353 2262 tum
1394 2207 1598 2277 urbicos
1643 2208 2058 2280 spectatissimos,
2104 2214 2155 2263 et
2199 2209 2510 2281 quicumque
2552 2211 2709 2266 rebus

321 2320 508 2376 nostris
550 2321 684 2374 bene
725 2321 917 2387 volunt,
970 2339 1031 2376 ea
1072 2338 1174 2392 qua
1215 2338 1305 2392 par
1349 2326 1426 2376 est
1467 2319 1788 2375 observantia
1826 2319 1996 2376 invito.
