2930 3880
1356 407 1384 448 5

171 523 304 571 αὐτὸν
331 527 402 570 τοί
424 542 471 570 τε
501 522 786 581 παλαιότεροι
813 527 948 570 eidem
969 531 1069 571 sunt
1087 530 1216 581 atque
1244 525 1333 569 νέοι
1363 521 1438 583 ἠδὲ
1465 525 1646 568 παλαιοί
1669 526 1756 569 Sive
1784 525 1869 568 νέοι
1898 522 1977 581 ἠδὲ
2007 527 2214 581 γέροντες,
2246 530 2319 573 sed
2340 527 2388 571 οἳ
2413 529 2501 572 νέοι
2522 531 2563 573 in

172 599 255 643 fine
284 599 519 643 hexametri
541 593 584 640 οὶ
604 597 694 639 κατ’
715 594 846 639 αὐτόν
866 597 1046 641 audiunt
1075 602 1119 642 et
1138 594 1179 640 οἶ
1200 597 1381 641 παλαιοί
1408 598 1451 641 in
1470 597 1552 642 fine
1571 598 1827 653 pentametri
1856 593 1898 640 οἱ
1919 594 2215 653 παλαιότεροι,
2243 600 2294 644 cf.
2312 601 2429 655 Tyrt.
2445 601 2495 654 X,
2511 603 2564 643 22

172 672 213 715 in
243 671 327 715 fine
364 670 620 724 pentametri
657 661 792 724 ἄνδρα
829 666 1131 724 παλαιότερον,
1181 670 1237 714 ib.
1270 684 1309 713 V.
1338 674 1387 713 19
1427 671 1547 714 initio
1589 670 1824 714 hexametri
1869 668 1973 721 τούς
2001 670 2048 712 δὲ
2079 671 2393 726 παλαιοτέρους
2422 673 2565 726 (etiam

173 743 365 798 Aeschyl.
381 743 497 786 Pers.
515 754 552 784 v.
568 743 619 784 19
634 742 901 786 scribendum
922 745 1004 786 est:
1026 778 1033 786 .
1052 777 1061 786 .
1078 738 1374 797 προλιπόντες
1395 738 1510 796 ἔβαν,
1541 741 1612 784 τοὶ
1630 740 1710 796 μὲν
1729 740 1801 799 ἐφ’Ἰ
1818 740 1987 794 ἵππων,
2018 742 2087 783 τοι
2107 742 2143 783 δ’
2170 740 2246 785 ἐπὶ
2268 746 2380 785 ναῶν
2399 760 2434 787 κ.
2448 761 2485 786 τ.
2502 746 2565 799 λ.).

303 815 493 858 Eandem
524 815 577 858 de
604 826 689 869 qua
719 815 841 858 modo
872 815 1075 869 loquebar
1103 816 1316 859 licentiam
1346 816 1474 858 etiam
1501 815 1543 857 in
1563 813 1894 869 repetitionibus,
1925 825 2034 867 quae
2059 814 2269 858 codicibus
2289 817 2565 870 Theognideis

174 889 356 931 insertae
384 890 496 938 sunt,
527 887 800 941 contemplari
832 887 941 931 licet.
971 888 1020 931 In
1051 888 1214 931 duobus
1244 899 1353 940 quae
1381 889 1479 942 post
1508 900 1545 929 v.
1571 888 1678 928 1164
1708 887 1751 929 in
1778 885 1894 930 codd.
1925 886 2126 939 leguntur
2153 886 2363 930 distichis:

702 967 903 1022 τοιοῦτός
932 987 1002 1014 τοι
1031 965 1138 1027 οἷνὴρ
1174 968 1288 1014 ἔστω
1319 970 1462 1027 φίλος,
1492 964 1541 1021 ὃς
1567 968 1646 1013 τὸν
1674 969 1847 1025 ἑταῖρον

760 1040 1007 1101 γιγνώσκων
1034 1037 1168 1099 όργὴν
1196 1043 1268 1085 καὶ
1296 1040 1438 1097 βαρύν
1467 1042 1571 1085 ὄντα
1599 1043 1723 1101 φέρει

702 1112 798 1160 α’ντὶ
825 1113 1093 1172 κασιγνήτου.
1124 1113 1177 1158 σύ
1207 1114 1255 1157 δέ
1284 1130 1374 1168 μοι,
1406 1113 1523 1171 φίλε,
1552 1114 1670 1157 ταῦτ’
1703 1114 1766 1158 ἑνὶ
1795 1117 1928 1172 θυμῷ

759 1184 937 1245 φράζεο,
969 1186 1040 1229 καί
1067 1186 1180 1229 ποτέ
1210 1202 1295 1240 μου
1325 1182 1511 1242 μνήσεαι
1541 1185 1748 1240 ἐξοπίσω.

170 1251 385 1329 ριῖῐενεῐίῐ
412 1273 507 1326 quis
538 1273 829 1327 corrigendum
862 1283 977 1315 esse:
1027 1265 1228 1320 τοιοῦτός
1268 1284 1340 1312 σοι
1376 1264 1486 1326 α’νὴρ
1528 1267 1642 1313 ἔστω
1681 1269 1810 1328 φίλος
1842 1287 1878 1315 κ.
1908 1287 1945 1313 τ.
1976 1272 2012 1315 λ.
2074 1272 2128 1315 At
2159 1272 2261 1316 haec
2291 1285 2343 1316 ex
2376 1275 2563 1329 longiore

170 1350 388 1390 eontracta
419 1349 519 1389 sunt
548 1346 650 1398 loco,
680 1345 752 1400 qui
782 1344 878 1387 inde
909 1358 936 1387 a
964 1356 1002 1385 v.
1021 1345 1074 1385 93
1106 1342 1286 1396 legitur:

703 1422 754 1484 ἤν
782 1432 849 1478 τις
878 1422 1089 1483 ἑπαινήσῃ
1119 1440 1169 1468 σε
1198 1421 1332 1468 τόσον
1361 1422 1518 1480 χρόνον
1549 1422 1683 1469 ὅσσον
1711 1422 1867 1484 ὁρῴης,

758 1498 1021 1557 νοσφισθεὶς
1050 1498 1086 1541 δ’
1118 1492 1227 1555 ι’ίλλῃ
1257 1498 1456 1554 γλῶσσαν
1485 1495 1574 1557 ἷῇσι
1603 1495 1751 1556 κακήν,

704 1569 911 1623 τοιοῦτός
940 1587 1009 1614 τοι
1039 1569 1212 1625 ἑταῖρος
1238 1565 1345 1627 ἀνὴρ
1375 1570 1505 1628 φίλος
1532 1565 1626 1615 οἰῖτι
1655 1569 1757 1626 μάλ’
1788 1570 1961 1624 ἐσθλός,
2040 1573 2091 1613 95

758 1642 807 1696 ο’ς
835 1645 873 1686 κ’
905 1641 1009 1701 είπῃ
1039 1640 1212 1700 γλώσσῃ
1242 1643 1346 1699 λῷα,
1377 1645 1518 1702 φρονῇ
1546 1644 1582 1686 δ’
1615 1643 1754 1699 ἕτερα.

701 1711 790 1759 ἀλλ’
821 1712 888 1800 εἴη
918 1718 1119 1767 τοιοῦτος
1147 1714 1246 1770 ἐμοὶ
1275 1710 1474 1773 φίλος,“
1447 1731 1497 1767 ος
1523 1713 1600 1759 τὸν
1628 1714 1802 1772 εταῖρον

757 1785 981 1846 γινώσκων
1011 1787 1140 1845 ὀργὴν
1165 1787 1238 1831 καὶ
1266 1785 1402 1843 βαρὺν
1433 1781 1537 1831 όντα
1565 1789 1691 1847 φέρει

704 1862 798 1906 ἀντὶ
827 1858 1095 1919 κασιγνήτου.
1123 1876 1175 1904 συ
1209 1859 1257 1903 δέ
1285 1876 1377 1915 μοι,
1407 1859 1522 1917 φίλε,
1552 1861 1670 1903 ταῦτ’
1704 1859 1769 1905 ἐνὶ
1796 1866 1930 1920 θυμῷ

759 1931 938 1994 φράζεο,
970 1933 1042 1976 καί
1069 1932 1181 1976 ποτέ
1209 1948 1293 1987 μου
1323 1928 1505 1988 μνήσεαι
1538 1932 1744 1987 ἐξοπίσω.
2044 1939 2123 1980 100

169 2025 236 2069 Ex
267 2025 330 2068 his
359 2025 489 2079 igitur
518 2023 591 2076 qui
618 2022 810 2065 ultimam
839 2022 1007 2064 tantum
1044 2017 1297 2061 sententiam
1327 2017 1507 2060 daturus
1546 2020 1652 2067 erat,
1697 2020 1745 2060 ut
1774 2018 1879 2062 haec
1908 2031 1984 2072 per
2014 2011 2059 2063 se
2088 2023 2234 2070 staret,
2282 2019 2447 2062 initium
2477 2031 2568 2062 ver-

168 2111 243 2143 sus
271 2101 324 2141 95
360 2095 567 2146 τοιοῦτός
602 2110 668 2137 τοι
707 2129 715 2137 .
749 2127 757 2136 .
795 2086 900 2149 ἁνήρ
942 2091 1145 2143 adhibuit,
1194 2090 1275 2134 etsi
1306 2089 1366 2133 sic
1394 2089 1563 2132 dativus
1593 2090 1703 2132 male
1730 2089 1890 2134 aberat.
1922 2095 1965 2135 et
1993 2091 2092 2135 huic
2122 2092 2193 2134 uni
2220 2091 2452 2135 sententiae
2481 2092 2565 2145 epi-

169 2172 313 2225 logum
352 2170 426 2223 qui
465 2169 563 2212 olim
601 2168 655 2211 ad
696 2168 822 2220 plura
852 2156 1114 2209 referebatur
1142 2162 1347 2213 adiunxit,
1391 2173 1487 2205 cum
1521 2162 1680 2213 scilicet
1708 2163 1902 2207 omittere
1928 2176 2011 2207 non
2043 2168 2201 2217 posset,
2232 2176 2340 2217 quae
2369 2165 2422 2207 ad
2455 2176 2567 2207 com-

171 2243 370 2298 plendum
412 2240 621 2284 distichon
658 2224 896 2282 necessaria
934 2238 1090 2280 essent.
1147 2235 1330 2289 Longior
1368 2236 1512 2276 autem
1547 2233 1619 2275 ille
1655 2234 1772 2276 locus
1814 2237 1857 2276 et
1886 2235 1975 2289 ipse
2012 2236 2324 2290 conglutinatus
2352 2235 2445 2288 fuit,
2484 2248 2566 2278 non

169 2316 315 2370 paucis
353 2312 675 2368 praetermissis,
719 2323 771 2354 ex
807 2310 991 2365 pleniore
1030 2309 1178 2363 elegia,
1224 2307 1267 2348 in
1297 2317 1382 2358 qua
1411 2306 1464 2348 de
1499 2305 1748 2359 quaerendis
1786 2306 2081 2360 fugiendisque
2122 2309 2246 2351 sociis
2282 2308 2488 2361 agebatur
2524 2312 2566 2351 et

169 2387 403 2431 sententiae
444 2386 621 2428 ultimae
659 2383 883 2427 subiuncta
919 2386 1042 2426 erant
1080 2379 1207 2423 verba
1245 2379 1299 2421 ad
1338 2378 1480 2422 omnia
1509 2389 1619 2430 quae
1648 2379 1958 2432 praecedebant
1988 2381 2266 2433 pertinentia:
2320 2378 2371 2422 σὺ
2400 2379 2448 2421 δέ
2475 2396 2564 2433 μοι,

170 2459 285 2518 φίλε,
314 2457 437 2501 ταῦτ’
471 2456 533 2501 ἐνὶ
562 2457 694 2513 θυμῷ
724 2451 887 2513 φράζεο
917 2469 956 2495 κ.
985 2468 1022 2495 τ.
1053 2451 1090 2493 λ.
1140 2451 1232 2493 Non
1263 2450 1370 2492 enim
1401 2450 1630 2493 cohaerent
1656 2462 1721 2492 vv.
1743 2452 1938 2493 97—100
1965 2463 2060 2494 cum
2092 2465 2158 2495 vv.
2191 2454 2368 2505 93—96‚
2402 2451 2562 2495 brevia-

169 2532 274 2576 toris
306 2531 462 2576 scilicet
492 2530 616 2583 culpa
645 2528 875 2572 sententias
906 2536 1149 2570 communes
1180 2535 1306 2576 quam
1337 2522 1540 2577 plurimas
1570 2522 1834 2575 cumulantis,
1865 2524 1935 2575 qui
1967 2523 2094 2566 etiam
2117 2536 2154 2567 v.
2174 2526 2336 2566 93-96
2364 2537 2414 2567 ex
2438 2524 2563 2566 variis

171 2603 273 2646 locis
304 2601 548 2656 composuit.
580 2599 636 2642 Et
666 2611 718 2642 ex
748 2598 895 2640 iisdem
922 2596 1068 2650 elegiis
1096 2596 1139 2638 in
1169 2606 1208 2637 v.
1236 2596 1286 2635 39
1308 2606 1418 2647 seq.:

701 2688 862 2746 Κύρνε,
895 2687 992 2733 κύει
1022 2685 1151 2740 πόλις
1182 2686 1271 2744 ἥδε,
1305 2687 1480 2730 δέδοικα
1509 2687 1555 2730 δὲ
1584 2685 1643 2745 μὴ
1673 2687 1774 2744 τέκῃ
1801 2687 1935 2742 ἄνδρα

757 2757 1007 2817 εὖθυντῆρα
1036 2762 1168 2816 κακῆς
1196 2756 1348 2814 ὕβριος
1376 2758 1595 2816 ἡμετέρης.

171 2845 215 2883 et
243 2853 280 2883 v.
310 2841 412 2882 1081
436 2849 544 2890 seq:

703 2902 857 2959 Κύρνε,
889 2901 982 2947 κύει
1013 2900 1144 2954 πόλις
1176 2902 1265 2961 ἥδε,
1296 2903 1470 2946 δέδοικα
1500 2902 1547 2946 δὲ
1574 2900 1633 2959 μὴ
1661 2902 1762 2960 τέκῃ
1792 2896 1925 2957 ανδρα

756 2974 974 3033 ὖβρίστην,
1005 2976 1196 3032 χαλεπῆς
1224 2971 1414 3033 ἡγεμόνα
1441 2972 1630 3026 στάσιμος

170 3057 272 3099 item
298 3055 341 3097 in
370 3066 408 3096 v.
430 3055 509 3095 597
529 3062 639 3104 seq:
925 3108 927 3110 Ι

700 3119 789 3178 Δὴν
817 3120 869 3179 δὴ
901 3121 973 3164 καὶ
1002 3120 1125 3179 φίλοι
1155 3111 1288 3174 ὦμεν·
1321 3114 1433 3173 οἷτάρ
1463 3120 1499 3160 τ’
1533 3112 1728 3162 ἄλλοισιν
1752 3116 1893 3172 ὁμίλει

755 3188 969 3249 ἀνδράσιν,
1002 3189 1050 3235 οἳ
1073 3191 1151 3235 τόν
1179 3188 1258 3235 σὸν
1290 3191 1454 3245 μᾶλλον
1480 3187 1598 3234 ἴσασι
1628 3187 1744 3236 νόον.

172 3277 214 3315 et
244 3284 281 3314 v.
306 3272 412 3313 1243
432 3281 540 3322 seq..-

701 3334 790 3392 Δὴν
816 3334 872 3391 δὴ
905 3337 976 3379 καὶ
1000 3335 1124 3393 φίλοι
1156 3326 1292 3389 ὦμεν
1325 3332 1461 3378 ἔπειτ’
1494 3327 1697 3377 ἄλλοισιν
1727 3331 1882 3388 ὁμίλει,

757 3399 871 3466 ἦθος
900 3405 1011 3462 ἔχων
1038 3403 1199 3460 δόλιον,
1228 3405 1409 3457 πίστεος
1434 3399 1682 3449 ἀντίτυπον.
