2930 3880
1541 380 1596 421 24

373 510 456 543 non
484 500 681 555 proposui
711 500 823 554 quod
852 500 1058 556 Bergkius
1088 501 1131 544 in
1161 501 1272 545 calce
1301 500 1398 544 edit.
1423 500 1494 543 111
1516 499 1635 552 dixit,
1673 502 1737 557 τῷ
1767 501 1906 555 ζῶντι,
1946 500 2020 545 sed
2045 500 2268 546 relativum
2301 498 2529 553 (στρῶμα),
2572 495 2624 541 τὸ
2652 498 2696 553 (ἰ.
2726 512 2764 544 e.

370 569 413 627 ὅ,
442 575 538 627 post
567 568 763 626 θανόντι,
792 576 843 617 ut
868 585 908 617 v.
935 575 1017 617 216
1045 575 1098 632 τῇ
1124 576 1224 628 post
1250 572 1401 629 πέτρῃ,
1434 585 1475 615 v.
1493 572 1574 615 451
1603 573 1683 615 τοῦ
1711 575 1810 626 post
1837 568 2052 629 βασάνῳ);

899 640 1158 690 ἅσπάλαθοι
1189 643 1237 687 δὲ
1265 640 1454 700 τάπησιν
1483 639 1643 698 ὁμοῖον
1669 645 1851 704 στρῶμα
1880 640 2076 698 θανόντι,

955 714 1006 760 τὸ
1037 717 1164 771 ζῶντι
1191 711 1378 771 σκληρὸν
1404 714 1565 770 γίνεται
1590 708 1618 772 ἢ
1642 710 1850 768 μαλακόν.

370 789 422 835 τὸ
453 788 586 847 ξύλον
614 792 783 837 omnino
811 792 1109 836 removendum
1136 790 1291 845 quippe
1320 789 1434 843 quod
1460 802 1692 844 numquam
1721 792 1766 833 et
1792 789 1948 834 nemini
1976 786 2169 844 μαλακόν
2191 791 2259 834 sit.
2297 790 2340 833 in
2370 790 2643 834 Herwerdeni
2673 801 2770 833 con·

370 864 531 909 iectura
560 865 624 922 τῷ
651 864 688 907 δ’
719 858 844 908 οὐδὲν
873 860 1058 919 σκληρὸν
1085 861 1271 918 γίγνεται
1299 856 1330 917 ἢ
1357 858 1552 916 μαλακόν
1582 861 1711 905 verba
1741 861 1805 917 τῷ
1833 858 1881 903 δὲ
1909 871 1994 903 non
2019 860 2100 904 nisi
2127 860 2180 903 de
2209 860 2304 905 vivo
2334 861 2446 905 dicta
2473 864 2589 905 recte
2624 873 2771 915 seque·

368 940 531 981 rentur.
599 937 648 980 In
678 950 715 980 v.
743 937 852 979 1249
884 948 961 991 pro
1001 934 1102 978 ἐπεὶ
1137 935 1308 990 κριθῶν
1345 933 1585 990 ἐκορέσθης
1623 933 1786 977 correxi
1827 928 1899 986 (σύ
1928 930 2007 986 μὲν
2039 928 2182 983 αὕτως
2207 931 2371 988 ἵππῳ,)
2403 931 2501 976 ἐπεὶ
2530 936 2771 988 σκιρτῶν

370 1008 624 1065 ἕκορέσθης.
667 1008 858 1062 Denique
887 1020 926 1051 v.
943 1008 1024 1051 861
1041 1018 1158 1060 seqq.
1215 1006 1361 1050 Noctis
1389 1006 1519 1050 verba
1548 1018 1642 1050 esse
1670 1005 1846 1048 ostendi.
1878 1004 2002 1058 Apud
2032 1003 2263 1048 Hesiodum
2292 1002 2438 1048 Noctis
2466 1008 2510 1048 et
2537 1004 2629 1048 Diei
2657 1008 2771 1048 tam-

372 1093 500 1135 quam
530 1092 808 1136 personarum
838 1079 1148 1124 vicissitudines
1173 1079 1487 1123 describuntur:
1518 1076 1542 1120 ‘r‘
1569 1078 1648 1133 μὲν
1677 1075 1766 1121 ἔσω
1796 1071 2100 1132 καταβήσεται,
2129 1071 2156 1132 ἦ
2183 1074 2231 1118 δὲ
2259 1071 2424 1130 θύραζε
2456 1073 2640 1130 ἔρχεται,
2669 1070 2771 1120 οὐδὲ

370 1152 472 1195 ποτ’
506 1146 764 1208 οἷμφοτέρας
791 1146 928 1205 δόμος
955 1147 1078 1201 ἐντὸς
1107 1149 1242 1206 ἐέργει
1269 1166 1308 1193 κ.
1335 1165 1373 1193 τ.
1404 1149 1440 1193 λ.
1501 1148 1582 1201 Qui
1611 1150 1688 1193 hos
1715 1161 1864 1193 versus
1896 1149 2056 1204 panxit,
2085 1147 2264 1193 Noctem
2294 1152 2540 1202 querentem
2569 1147 2688 1193 fecit:

904 1224 963 1267 Οἳ
986 1240 1042 1280 με
1070 1223 1195 1281 φίλοι
1220 1221 1483 1277 προδιδοῦσι
1510 1221 1583 1264 καὶ
1609 1215 1687 1264 οὔκ
1715 1220 1922 1264 ἐθέλουσί
1952 1236 1994 1264 τι
2024 1220 2193 1263 δοῦναι,

953 1295 1122 1352 ἀνδρῶν
1150 1294 1444 1354 φαινομένων·
1473 1288 1565 1336 ἀλλ’
1597 1291 1679 1348 ἐγώ
1706 1287 1928 1349 αὐτομάτη

898 1366 1080 1425 ἑσπερίη
1109 1369 1146 1411 τ’
1179 1366 1318 1422 ἔξειμι
1346 1366 1420 1409 καὶ
1448 1360 1608 1422 ὄρθρίη
1637 1356 1760 1416 αὖτις
1791 1362 1945 1420 ἔσειμι,

954 1431 1065 1497 ἦμος
1093 1434 1395 1495 οἷλεκτρυόνων
1426 1434 1627 1496 φθόγγος
1657 1436 1951 1493 ἐγειρομένων.

372 1516 487 1560 Nihil
516 1516 647 1571 igitur
674 1514 926 1559 mutandum
955 1514 998 1556 in
1025 1513 1171 1568 primis
1200 1511 1402 1562 versibus,
1446 1522 1582 1564 neque
1611 1525 1655 1553 τι
1681 1510 1831 1553 δοῦναι
1855 1510 1974 1565 (nam
2002 1506 2174 1566 ἑταίρας
2200 1511 2338 1556 instar
2371 1512 2589 1565 neglectae
2616 1510 2770 1566 inopis.

370 1600 450 1642 que
479 1586 684 1642 loquitur)
714 1598 852 1640 neque
878 1579 1047 1640 ἀνδρῶν
1075 1583 1351 1642 φαινομένων
1378 1582 1471 1637 (pro
1495 1594 1578 1635 quo
1593 1582 1862 1626 Hermannus
1881 1575 2051 1636 ἄστρων
2071 1584 2317 1639 coniecerat,
2347 1583 2579 1627 Ahrensius
2607 1579 2770 1641 δᾴδων)

371 1661 400 1704 i.
428 1673 463 1704 e.
492 1672 587 1703 cum
615 1659 807 1703 homines
836 1658 880 1701 in
908 1658 1044 1701 lucem
1074 1657 1299 1712 prodeunt,
1326 1650 1436 1697 κατὰ
1461 1651 1540 1697 τὸν
1565 1651 1715 1710 καιρὸν
1740 1656 1817 1711 τῆς
1847 1651 2019 1712 ἡμέρας,
2050 1659 2099 1700 ut
2116 1658 2419 1709 grammaticus
2438 1657 2481 1699 in
2501 1655 2619 1700 codd.
2636 1654 2770 1698 Paris.

369 1731 608 1786 adscripsit.
638 1729 719 1774 Sed
746 1730 790 1773 in
816 1728 965 1772 ultimo
982 1739 1120 1780 versu,
1151 1739 1246 1771 cum
1266 1738 1350 1770 non
1378 1726 1479 1780 galli
1508 1725 1590 1770 dici
1617 1727 1783 1770 soleant
1809 1727 2052 1781 expergisci,
2082 1727 2156 1771 sed
2177 1732 2304 1772 cantu
2326 1729 2536 1782 gallorum
2566 1728 2771 1780 homines,

371 1803 668 1858 corrigendum
699 1814 793 1847 esse
823 1801 948 1848 duxi:
978 1796 1117 1856 δήμου
1143 1794 1442 1854 ἀλεκτρυόνων
1473 1794 1660 1856 φθόγγῳ
1692 1797 1977 1854 ἐγειρομένου.

516 2288 664 2338 Nunc
698 2286 1067 2338 transeundum
1101 2285 1228 2334 mihi
1272 2293 1349 2335 est
1383 2284 1449 2334 ad
1496 2284 1750 2348 graviora.
1821 2282 2106 2332 Indicenda
2151 2259 2288 2333 enim
2324 2293 2441 2334 sunt
2483 2284 2766 2349 sollemnia,

371 2373 556 2438 quibus
595 2371 685 2436 qui
717 2370 870 2419 instat
905 2369 1015 2419 dies
1051 2386 1166 2418 cum
1200 2367 1470 2418 universae
1503 2367 1699 2430 patriae
1733 2374 1840 2415 tum
1869 2365 1987 2415 huic
2017 2365 2303 2416 litterarum
2331 2367 2652 2418 universitati
2674 2369 2770 2418 im·

370 2455 551 2519 primis
587 2453 746 2503 festus
781 2449 1249 2501 IMPERATORIS
1286 2449 1696 2502 GERMANIAE
1732 2447 2248 2499 GLORIOSISSIMI
2286 2449 2488 2501 REGIS
2521 2450 2769 2502 NOSTRI

371 2534 871 2588 AVGVSTISSIMI
904 2532 1252 2586 GVILELMI
1286 2533 1468 2583 natalis
1505 2533 1712 2598 publice
1749 2531 2206 2581 concelebrabitur.
2265 2532 2330 2581 Et
2359 2533 2642 2584 communis
2677 2550 2771 2583 no-

372 2630 508 2671 strae
552 2617 894 2668 venerationis
947 2617 1198 2680 interpres
1252 2616 1350 2665 erit
1398 2617 1479 2666 vir
1529 2615 1896 2666 illustrissimus
1943 2615 2241 2664 RVDOLPHVS
2280 2615 2542 2664 LIPSGHITZ
2587 2616 2773 2666 Rector

370 2701 713 2752 universitatis
749 2699 1061 2765 magnificus,
1099 2698 1166 2747 ad
1197 2699 1339 2748 cuius
1367 2699 1650 2750 orationem
1677 2696 1983 2749 audiendam
2019 2697 2178 2762 ipsius
2214 2697 2530 2763 illustrisque
2565 2707 2769 2748 senatus

372 2785 582 2835 nomine
615 2782 965 2847 perillustrem
1000 2781 1347 2830 universitatis
1384 2791 1686 2844 curatorem,
1723 2779 2037 2846 professores
2075 2788 2125 2828 et
2161 2779 2394 2829 doctores
2429 2779 2770 2844 amplissimos

373 2867 698 2929 clarissimos,
729 2864 1102 2914 commilitones
1134 2864 1497 2929 ornatissimos,
1527 2864 1850 2929 magistrat-us
1874 2869 1982 2910 tum
2009 2863 2178 2926 regios
2205 2871 2314 2912 tum
2342 2863 2547 2912 urbicos
2573 2871 2770 2928 specta·

371 2950 613 3010 tissimos‚
663 2956 714 2997 et
750 2947 1058 3012 quicumque
1099 2946 1252 2996 rebus
1294 2948 1480 2997 nostris
1525 2948 1657 2998 bene
1702 2945 1895 3008 volunt,
1945 2961 2004 2995 ea
2051 2961 2152 3010 qua
2195 2962 2290 3010 par
2327 2954 2403 2995 est
2446 2945 2771 2996 observantia

371 3033 551 3083 invito.
