2930 3880
1475 389 1502 434 9

492 518 630 561 ἵπποι
658 518 704 560 θ’
738 513 914 572 ἡμίονοί
940 531 1000 568 τε,
1031 515 1103 562 καὶ
1133 505 1168 572 ᾦ
1197 512 1309 570 μόνα
1337 522 1470 559 ταῦτα
1500 517 1703 571 (Theogn.
1725 512 1779 557 τὰ
1804 516 1969 569 δέοντα,
1996 516 2109 559 Stob.
2139 513 2242 559 τάδε
2271 515 2428 574 πάντα)
2458 518 2682 576 πάρεστιν,

547 587 698 645 γαστρί
727 603 773 630 τε
804 586 874 630 καὶ
903 588 1113 642 πλευραῖς
1144 588 1225 642 (Pl.
1259 588 1444 646 πλευρῇ)
1474 588 1545 631 καὶ
1578 587 1710 631 ποσὶν
1739 584 1853 642 ἆβροῖ
1881 591 2060 641 παθεῖν,
2497 638 2499 640 ,

493 657 650 711 παιδός
678 660 713 701 τ’
740 655 816 716 ἠδὲ
845 656 1061 714 γυναικός·
1092 656 1195 702 ὅταν
1223 659 1271 706 δέ
1300 674 1347 702 κε
1368 663 1456 702 τῶν
1478 655 1683 717 ἀφίκηται
1705 661 1836 712 (Stob.
1857 661 1997 713 τῶνδ’,
2017 662 2082 704 Pl.
2103 659 2211 718 ἐπὴν
2229 661 2301 704 καὶ
2320 663 2433 704 ταῦτ’
2456 659 2679 720 ἀφίκηται)

544 729 635 788 ὥρη
661 732 740 787 (Pl.
761 728 859 788 ἥβη,
882 728 1019 787 ἥβης),
1049 730 1126 774 σὺν
1155 732 1191 775 δ’
1223 729 1304 788 ἥβη
1333 732 1414 787 (Pl.
1436 729 1546 789 ὥρῃ)
1576 732 1733 788 γίνεται
1767 729 1954 787 ἁρμοδία
1982 729 2221 787 (ἁρμόδιος,
2240 733 2303 776 Pl.
2320 738 2362 778 et
2377 735 2438 777 St.
2456 732 2678 790 ἇρμονία)·

489 805 608 847 ταῦτ’
639 800 801 862 ἷίφενος
830 808 1059 862 θνητοῖσι·
1090 802 1143 846 τὰ
1171 802 1248 860 γὰρ
1280 802 1495 860 περιώσια
1525 801 1671 848 πάντα

545 873 725 933 χρήματ’
760 874 870 930 ἔχων
903 873 1045 928 οὐδεὶς
1076 874 1242 932 ἔρχεται
1271 875 1333 928 εἰς
1358 874 1531 927 Ἀΐδεω,

490 948 579 992 οὐδ’
612 945 663 991 ἂν
691 942 852 991 ἄποινα
882 947 1029 1000 διδοὺς
1057 947 1251 992 θάνατον
1278 947 1410 1007 φύγοι
1440 944 1540 992 οὐδὲ
1570 937 1746 1003 βαρείας

547 1018 730 1071 νούσους
760 1021 859 1064 οὐδὲ
893 1019 1025 1063 κακὸν
1052 1023 1183 1077 γῆρας
1212 1018 1516 1075 ἐπερχόμενον.

289 1111 506 1164 quaeritur
535 1111 717 1153 maxime
748 1111 798 1152 de
828 1111 967 1153 verbis
1000 1107 1077 1152 σὺν
1104 1110 1140 1151 δ’
1173 1105 1264 1165 ὥρη
1296 1105 1416 1165 (ἥβη)
1449 1109 1607 1165 γίνεται
1636 1107 1838 1163 ἁρμοδία.
1881 1110 1984 1153 Cum
2015 1122 2068 1152 ex
2097 1111 2226 1154 totius
2256 1111 2333 1154 loci
2362 1112 2568 1154 sententia
2591 1116 2679 1154 tum

295 1195 346 1226 ex
377 1183 427 1226 iis
454 1194 563 1236 quae
591 1186 792 1234 secuntur
818 1184 965 1236 colligo
997 1182 1191 1225 Solonem
1222 1183 1460 1236 scripsisse:

823 1263 900 1308 σὺν
931 1266 978 1307 δὲ
1010 1262 1152 1322 τροφὴ
1183 1264 1342 1319 γίνεται
1375 1260 1560 1319 ἆρμοδίη

291 1347 422 1402 (quod
455 1349 573 1390 multi
606 1348 718 1391 codd.
751 1349 936 1402 Theogn.
973 1349 1130 1392 habent
1166 1344 1386 1402 ἁρμόδιος,
1428 1336 1522 1391 curn
1560 1348 1906 1400 interpretatione
1942 1347 2049 1402 βίος,
2087 1361 2138 1390 ex
2173 1361 2256 1401 qua
2283 1349 2376 1403 ipsa
2414 1350 2540 1392 etiam
2572 1347 2681 1406 ἥβην

293 1421 438 1462 natam
461 1432 552 1463 esse
571 1422 820 1474 putaverim,
842 1421 1066 1464 cohaerere
1085 1421 1280 1472 videtur).
1308 1420 1607 1473 Praecedebat‚
1636 1421 1677 1462 ni
1703 1419 1839 1471 fallor,
1861 1417 2021 1470 παιδός
2040 1421 2075 1461 τ’
2108 1415 2185 1477 ηδὲ
2214 1418 2419 1475 γιναικὸς,
2452 1418 2554 1464 όταν
2585 1417 2678 1465 κᾶν-

290 1492 423 1533 ταῦθ’
456 1486 679 1549 οἷφίκηται,
704 1489 850 1550 ἥβη,θ
829 1497 870 1535 et
899 1506 941 1534 ln
970 1505 1096 1536 versu
1128 1494 1254 1536 tertio
1283 1493 1352 1535 καὶ
1383 1490 1417 1549 ῴ
1449 1490 1552 1535 τάδε
1581 1494 1718 1547 μοῦνα
1749 1493 1818 1545 (ex
1851 1505 1933 1546 quo
1963 1489 2013 1533 τὰ
2044 1492 2195 1534 δέοντα
2223 1497 2266 1536 et
2296 1491 2396 1535 τάδε
2434 1490 2576 1536 πάντα
2606 1509 2681 1538 na-

294 1564 402 1627 turn)
429 1560 649 1618 πάρεστιν
707 1564 950 1607 Putaverim
984 1566 1111 1609 etiam
1141 1567 1182 1608 in
1211 1579 1249 1609 v.
1283 1569 1380 1608 129:

818 1643 916 1702 μήτ’
947 1642 1104 1707 αρετὴν
1134 1642 1274 1702 εύχοι,
1304 1648 1579 1705 Πολιπαΐδη,
1608 1646 1758 1703 ἔξοχος
1782 1643 1893 1692 εἶναι

871 1717 971 1775 μήτ’
1003 1713 1184 1778 ἄφενος·
1213 1723 1374 1775 μοῦνον
1403 1721 1438 1763 δ’
1470 1714 1594 1776 ἄνδρὶ
1621 1721 1786 1777 γένοιτο
1818 1718 1959 1777 τύχη.

292 1801 403 1855 quod
436 1802 535 1855 quid
566 1802 620 1844 sit
649 1815 730 1845 non
761 1803 865 1846 satis
896 1804 1108 1857 intellego,
1142 1805 1431 1860 corrigendum
1465 1818 1575 1849 esse:

1183 1889 1345 1941 μοῦνον
1373 1888 1408 1930 δ’
1442 1883 1565 1942 ἀνδρὶ
1593 1888 1759 1944 γένοιτο
1789 1885 1947 1946 τροφή.

289 1953 474 2008 (Phocyl.
508 1954 558 1997 fr.
599 1959 647 1997 10
682 1954 885 2011 δίζησθαι
913 1954 1075 2014 βιοτήν,
1103 1953 1258 2017 ἀρετὴν
1288 1960 1337 2013 δ’,
1372 1957 1477 2003 ὅταν
1505 1951 1532 2019 ᾖ
1560 1960 1657 2014 βίος
1688 1955 1802 2017 ἤδη).
1858 1961 1907 2004 In
1934 1975 1972 2004 v.
2007 1963 2084 2003 125
2105 1974 2241 2015 seqq.:

823 2026 874 2071 οὗ
905 2028 983 2085 γάρ
1014 2027 1065 2072 ἷῖν
1095 2030 1252 2088 εἰδείης
1281 2029 1440 2086 α’νδρδς
1468 2030 1568 2075 νόον
1598 2029 1697 2076 οὐδὲ
1726 2031 1936 2089 γυναικὸς,

877 2103 989 2159 πρὶν
1010 2104 1270 2160 πειρηθείης
1300 2102 1450 2160 ὥσπερ
1480 2102 1728 2162 ὗποζυγίου,

820 2171 921 2218 (ἥδέ
950 2193 1023 2219 κεν
1052 2174 1276 2228 εἰκάσσαις
1304 2175 1453 2233 ὥσπερ
1484 2180 1582 2220 ποτ’
1620 2178 1662 2230 ἐς
1693 2175 1824 2232 ιῖίριον
1852 2177 2015 2223 ἐλθών·

874 2245 1062 2291 πολλάκι
1090 2247 1169 2305 γὰρ
1199 2246 1368 2306 γνώμην
1398 2249 1640 2303 ἕξαπατιῦσ’
1670 2249 1793 2294 ἰδέαι.

292 2318 417 2362 Codd.
449 2319 548 2360 ποτ’
583 2317 626 2369 ἐς
656 2315 787 2374 ὥριον
818 2321 914 2375 (hoc
944 2322 1125 2366 Orellius
1155 2326 1298 2366 tenere
1324 2324 1473 2365 voluit:
1498 2319 1556 2366 ‘in
1579 2317 1806 2376 horreum'‚
1838 2325 1949 2376 quod
1978 2336 2079 2367 sane
2108 2337 2183 2378 per
2213 2337 2257 2367 se
2279 2337 2362 2366 non
2382 2325 2563 2367 alienum
2582 2328 2678 2378 post

291 2385 440 2444 ὥσπερ
470 2386 723 2445 ὑποζυγίου)
755 2395 798 2434 et
826 2391 926 2433 ποτ’
959 2389 1152 2446 ε’σώριον.
1202 2393 1476 2438 coniecerunt
1504 2395 1603 2437 ποτ’
1639 2394 1682 2446 ἐς
1708 2390 1838 2437 ὤνιον
1870 2396 1967 2450 (hoe
1998 2400 2040 2439 et
2072 2395 2115 2446 ἐς
2145 2393 2277 2450 ὥριον
2306 2396 2371 2438 vel
2402 2408 2448 2437 eo
2478 2395 2576 2438 ferri
2605 2408 2678 2438 ne-

291 2466 462 2513 queunt,
496 2463 690 2515 quoniam
730 2466 787 2508 sic
819 2465 930 2508 ποτέ
960 2467 1130 2520 inutile3
1169 2481 1303 2522 neque
1335 2471 1465 2522 ipsius
1497 2471 1688 2523 imaginis
1718 2469 1938 2513 veritatem
1968 2469 2119 2523 video),
2151 2469 2353 2521 Bergkius
2381 2464 2492 2521 πρὸς
2519 2467 2676 2520 χωνίον

293 2535 387 2588 (sed
418 2536 460 2576 in
488 2535 631 2591 χωνίῳ
658 2547 740 2578 non
770 2534 982 2591 εἰκάζεται
1011 2541 1084 2582 sed
1114 2543 1367 2594 perspicitur
1392 2543 1659 2585 metallorum
1690 2543 1875 2595 natura),
1907 2546 1950 2584 et
1981 2538 2130 2594 ὥσπερ
2155 2539 2404 2597 πρητήριον.
2441 2540 2675 2583 Herwerd.:

284 2601 405 2658 ‘quid
436 2605 474 2648 h.
505 2605 531 2648 l
565 2608 782 2659 scripserit
807 2608 1030 2664 Theognis,
1062 2611 1242 2655 fortasse
1271 2626 1435 2666 semper
1464 2608 1753 2668 ignorabitur.
1784 2614 1886 2656 Mihi
1915 2618 2057 2657 tamen
2086 2614 2195 2656 inter
2225 2606 2330 2655 ουδέ
2359 2628 2429 2654 κεν
2459 2609 2676 2663 εἶκάσσαις

292 2682 335 2720 et
363 2674 473 2720 ἰδέαι
500 2672 744 2732 ‘’speculum
774 2679 1064 2733 interpositum
1096 2683 1222 2728 fuisse
1250 2685 1426 2735 videtur,
1458 2698 1589 2738 eoque
1619 2687 1784 2729 litterae
1816 2685 2001 2754 traditae
2031 2686 2199 2729 ducunt
2241 2697 2338 2727 nam
2369 2684 2467 2725 ποτ’
2498 2696 2673 2737 praepo-

295 2749 389 2791 sitio
423 2749 564 2805 (ποτὶ)
595 2757 672 2803 est,
703 2749 776 2792 ἒσ.
796 2784 805 2793 .
835 2754 1000 2797 initium
1030 2756 1299 2800 substantivi:

821 2818 922 2867 ουδέ
953 2842 1025 2868 κεν
1055 2825 1273 2880 εἷκάσσαις
1304 2827 1453 2884 ω’σπερ
1486 2831 1586 2872 ποτ’
1618 2826 1851 2882 ἐσόπτριον
1882 2825 2048 2870 ἐλθών·

875 2895 1060 2941 πολλάκι
1089 2899 1166 2956 γὰρ
1195 2898 1366 2957 γνώμην
1393 2901 1633 2954 ἕξαπατῶσ’
1665 2897 1788 2944 ἰδέαι.

292 2963 551 3017 (exemplum
584 2966 819 3009 diminutivi
850 2980 933 3011 non
962 2970 1118 3025 habe03
1152 2970 1379 3026 διόπτριον
1406 2974 1589 3028 legitur).
1645 2974 1708 3016 De
1738 2973 1924 3015 versibus
1954 2973 2133 3026 egregiis
2168 2973 2270 3015 1197
2294 2982 2429 3023 seqq.:

807 3036 1013 3097 Ὄρνιθος
1040 3043 1203 3102 φωνήν,
1230 3045 1503 3107 Πολυπαΐδη,
1535 3043 1610 3099 ὀξὺ
1639 3041 1812 3100 βοώσης

875 3109 1034 3173 ἥκουσ’,
1066 3114 1138 3176 ἥτε
1171 3121 1348 3173 βροτοῖς
1377 3112 1552 3173 ἅγγελος
1581 3109 1682 3175 ἦλθ’
1713 3111 1874 3171 ἀρότου

817 3183 998 3241 ὡραίου·
1026 3189 1098 3232 καί
1126 3206 1202 3244 μοι
1230 3190 1407 3245 κραδίην
1435 3189 1621 3243 ἐπάταξε
1648 3189 1859 3244 μέλαιναν,

874 3258 965 3303 ὅττι
991 3278 1067 3316 μοι
1097 3257 1301 3313 εὐανθεῖς
1329 3255 1455 3305 ἄλλοι
1485 3260 1656 3315 ἔχουσιν
1685 3256 1853 3317 ἆγρούς,

819 3327 919 3375 οὐδέ
944 3349 1018 3387 μοι
1050 3330 1223 3390 ἡμίονοι
1252 3331 1413 3391 κύφων’
1445 3332 1641 3378 ἕλκουσιν
1669 3328 1875 3389 οἷρότρου,

873 3406 951 3459 τῆς
980 3398 1110 3460 ὂὶλλης
1138 3407 1327 3461 μνηστῆς
1355 3405 1496 3447 εἵνεκα
1527 3404 1749 3460 ναυτιλίης.

2122 3479 2142 3511 10
