2930 3880
1433 339 1491 384 12

269 465 513 517 exponitur:
551 476 642 507 -non
679 476 775 507 raro
811 468 959 518 postea
995 466 1243 508 commutari
1283 478 1358 520 per
1388 466 1487 507 deos
1518 476 1627 517 quae
1668 469 1793 508 antea
1828 466 1889 509 sic
1921 467 1988 509 vel
2025 468 2110 510 illic
2149 479 2240 510 sese
2275 466 2431 509 habere
2467 466 2664 516 videban-

270 542 356 579 tur.
413 536 478 578 Ex
511 535 576 579 his
606 536 755 589 colligo
784 538 1061 589 praecessisse
1092 537 1143 579 de
1171 538 1248 580 diis
1277 537 1435 579 dictum
1465 536 1642 585 (aoristo
1672 538 1877 590 gnomico,
1906 541 1955 581 ut
1983 539 2023 580 in
2054 538 2365 592 sequentibus):
2396 536 2468 579 καὶ
2495 538 2664 594 πρῆξαν

269 603 381 662 μετά
410 622 480 650 τοι
508 623 550 650 τι
580 608 667 651 sive
695 607 766 650 καὶ
795 609 964 664 πρῆξαν
992 605 1179 663 μετόπιν
1209 625 1262 651 τι.
1307 608 1384 649 hoc
1413 607 1609 648 nimirum
1639 621 1766 660 penes
1795 622 1866 652 eos
1896 614 1971 662 est,
1996 603 2113 653 οἷσιν
2135 608 2289 652 ἔπεστι
2308 609 2432 660 τέλος
2453 610 2524 663 (cf.
2541 610 2664 653 Hom.

271 680 320 722 ll.
352 675 478 734 εἴπερ
510 676 588 734 γάρ
618 695 660 721 τι
690 679 762 722 καὶ
789 678 928 721 αὐτίκ’
959 675 1190 734 Ὀλύμπιος
1221 673 1303 720 οῦκ
1331 677 1564 732 ἐτέλεσσεν,
1595 675 1645 720 ἔκ
1672 694 1718 721 τε
1747 680 1819 722 καὶ
1846 675 1935 735 ὀψὲ
1967 682 2084 724 τελεῖ
2111 698 2150 725 κ.
2178 698 2214 725 τ.
2245 682 2322 737 λ.);

801 745 891 793 οὔδ’
927 746 1085 805 ὀμόσαι
1115 747 1193 804 χρὴ
1223 750 1362 790 τοῦτ’·
1394 742 1445 790 οῦ
1470 745 1530 809 μή
1559 765 1671 792 ποτε
1699 753 1878 806 πρῆγμα
1908 749 1998 795 τόδ’
2032 751 2175 795 ἔσται·

856 822 959 865 θεοὶ
988 820 1064 877 γάρ
1095 837 1163 863 τοι
1197 821 1421 875 νεμεσῶσ’,
1453 814 1569 863 οἶσιν
1601 818 1755 864 ἔπεστι
1780 821 1926 872 τέλος·

801 894 872 936 καὶ
902 895 1070 948 πρῆξαν
1097 889 1286 946 μετόπιν
1313 905 1378 935 τι·
1409 892 1480 935 καὶ
1514 892 1560 935 ἐκ
1587 896 1720 936 κακοῦ
1750 891 1913 937 ἐσθλὸν
1942 892 2088 950 ἔγεντο

854 965 925 1006 καὶ
954 961 1084 1005 κακὸν
1115 962 1163 1016 ἐξ
1189 958 1360 1019 ἆγαθοῦ
1389 981 1426 1007 κ.
1457 980 1493 1008 τ.
1525 965 1560 1006 λ.

408 1038 596 1091 Caligine
625 1039 750 1080 etiam
783 1038 984 1080 crassiore
1014 1037 1212 1079 obvoluta
1243 1042 1342 1080 sunt
1370 1038 1411 1079 in
1439 1051 1475 1080 v.
1508 1041 1587 1080 325
1608 1051 1744 1092 seqq.:

797 1105 859 1150 Εἴ
878 1124 944 1159 τις
969 1104 1267 1163 ἆμαρτωλοῖσι
1297 1109 1438 1167 φίλων
1470 1109 1544 1153 ἐπὶ
1575 1108 1707 1153 πάντι
1735 1111 1916 1167 χολῷτο,

855 1174 913 1223 οὗ
940 1181 1039 1223 ποτ’
1071 1177 1127 1223 ἂν
1156 1175 1362 1237 α’λλήλοις
1392 1175 1578 1237 ἄρθμιοι
1609 1177 1709 1225 οῦδὲ
1738 1182 1861 1240 φίλοι

800 1246 905 1295 εἷεν·
936 1249 1190 1307 ἁμαρτωλαὶ
1219 1250 1298 1308 γὰρ
1331 1253 1375 1296 ἐν
1405 1247 1713 1309 ἀνθρώποισιν
1743 1252 1923 1298 ἕπονται

855 1327 1051 1380 θνητοῖς,
1081 1321 1250 1379 Κύρνε·
1283 1325 1388 1368 θεοὶ
1418 1326 1454 1368 δ’
1488 1322 1570 1369 οῦκ
1600 1326 1804 1370 ἐθέλουσι
1835 1327 1999 1385 φέρειν.

277 1400 448 1442 alterius
477 1397 640 1440 distichi
673 1398 813 1439 verba.
858 1396 991 1439 Poeta
1019 1400 1244 1450 postquam
1273 1399 1399 1440 dixit:
1434 1399 1468 1440 si
1499 1400 1658 1442 amicus
1687 1400 1818 1442 amico
1847 1404 2018 1454 propter
2046 1413 2168 1445 omne
2197 1407 2416 1457 peccatum
2446 1405 2667 1456 irascatur,

275 1471 498 1515 amicitiam
530 1474 645 1513 stare
676 1482 759 1512 non
789 1482 922 1522 posse,
954 1477 1253 1523 argumentum
1283 1482 1365 1523 quo
1396 1471 1473 1514 hoc
1500 1472 1699 1525 probaret
1729 1473 1913 1516 addidit:
1947 1469 2200 1528 ἇμαρτωλαί
2233 1472 2316 1530 γάρ
2339 1510 2348 1518 .
2372 1509 2381 1518 .
2403 1510 2414 1519 .
2444 1477 2516 1519 sed
2546 1477 2588 1519 in
2619 1477 2669 1520 iis

274 1556 382 1596 quae
417 1543 575 1585 tradita
612 1546 711 1584 sunt
740 1541 855 1583 haud
885 1554 986 1584 sane
1017 1554 1171 1594 magna
1201 1542 1519 1587 demonstrandi
1546 1545 1608 1587 vis
1638 1545 1761 1588 inest.
1805 1548 2093 1599 expectaveris
2125 1549 2404 1591 sententiam:
2435 1560 2520 1591 non
2547 1561 2672 1602 posse

275 1629 358 1659 non
398 1615 560 1669 peccari
601 1616 713 1657 inter
751 1615 953 1658 homines.
1000 1627 1107 1666 quae
1151 1613 1244 1656 dein
1284 1622 1484 1659 secuntur
1520 1616 1625 1659 θεοὶ
1662 1617 1698 1659 δ’
1739 1612 1822 1659 οὐκ
1858 1617 2059 1661 ἐθέλουσι
2100 1618 2262 1675 φέρειν,
2295 1633 2468 1675 prorsus
2500 1622 2670 1665 absona.

273 1688 502 1742 Bergkius:
544 1686 649 1730 θεοὶ
685 1687 721 1729 δ’
762 1677 837 1728 οὖν
873 1686 1078 1730 ἐθέλουσι
1115 1683 1277 1743 φέρειν.
1322 1689 1439 1740 bene,
1478 1690 1556 1732 nisi
1587 1690 1697 1742 quod
1727 1702 1808 1733 non
1840 1690 1876 1732 δ’
1910 1681 1991 1733 οὖν
2020 1691 2093 1734 sed
2129 1694 2298 1735 tantum
2335 1683 2410 1734 οὖν
2445 1693 2669 1737 dicendum

272 1766 378 1805 erat.
408 1765 458 1804 ut
477 1761 604 1804 verba
623 1759 728 1803 θεοὶ
748 1765 790 1802 et
811 1751 886 1802 οὖν
915 1765 1113 1816 separata
1138 1762 1269 1806 fuisse
1289 1757 1512 1824 videantur
1542 1767 1617 1806 aut
1646 1764 1793 1806 vocula
1821 1761 1867 1818 γὲ
1896 1766 1971 1805 aut
1998 1764 2157 1806 obiecto
2187 1765 2420 1808 sententiae
2449 1765 2547 1822 σφέ.
2576 1766 2668 1809 Iam

273 1836 346 1888 qui
376 1835 435 1877 sic
466 1833 856 1887 argumentabatur,
884 1836 1165 1889 praemiserat
1184 1840 1494 1889 argumentum.
1524 1836 1667 1888 itaque
1694 1848 1803 1888 quae
1828 1836 2075 1889 interposita
2108 1840 2208 1879 sunt
2237 1839 2279 1879 et
2308 1836 2589 1881 adfirmabant
2618 1851 2669 1882 ea

270 1919 383 1962 quae
410 1906 668 1960 praecedunt
697 1910 740 1949 et
769 1906 958 1950 concludi
985 1908 1257 1960 patiebantur
1287 1922 1336 1951 ea
1368 1920 1477 1961 quae
1507 1914 1718 1951 secuntur.
1772 1908 1875 1951 Inde
1909 1908 2057 1962 colligo
2086 1909 2269 1964 θνητοῖς
2296 1921 2438 1952 errore
2466 1911 2670 1964 scriptum

274 1991 365 2023 esse
394 1991 470 2032 pro
501 1981 709 2033 θεσμοῖςε

934 2048 1186 2106 ἁμαρτωλαὶ
1215 2049 1294 2107 γὰρ
1326 2052 1393 2095 ἐπ’
1426 2049 1710 2107 οἷνθρώποισι
1744 2052 1949 2095 πέλονται

862 2127 1065 2178 θεσμοῖς,
1097 2122 1258 2178 Κύρνε·

276 2199 303 2240 i.
334 2210 369 2239 e.
397 2192 547 2250 νόμοις
576 2195 733 2249 θείοις,
766 2197 838 2248 qui
867 2198 1160 2240 necessitatem
1191 2197 1441 2250 adaequant,
1474 2197 1521 2240 cf.
1544 2199 1665 2240 Hom.
1697 2197 1774 2240 Od.
1808 2200 1868 2247 13,
1901 2199 1954 2238 60
1981 2198 2112 2252 γῆρας
2141 2196 2213 2238 καὶ
2241 2193 2448 2250 θάνατος,
2478 2193 2568 2239 τάτ’
2597 2197 2666 2240 ἐπ’

275 2264 558 2323 ἀνθρώποισι
595 2267 812 2320 πέλονται,
852 2274 895 2312 et
924 2270 1098 2313 Aristot.
1127 2283 1166 2324 p.
1188 2273 1302 2312 401a
1340 2267 1394 2311 τὰ
1431 2270 1518 2323 ζῶα
1555 2263 1733 2323 ἀκμάζει
1762 2268 1833 2311 καὶ
1864 2268 2099 2326 φθείρεται
2128 2272 2222 2319 τοῖς
2255 2270 2332 2311 τοῦ
2365 2270 2479 2311 θεοῦ
2511 2266 2669 2312 πειθό-

276 2358 385 2397 μενα
413 2342 615 2394 θεσμοῖς.
674 2339 741 2383 Sic
773 2345 885 2383 certe
919 2347 961 2384 et
998 2355 1105 2395 quae
1145 2343 1401 2397 praecedunt
1436 2343 1748 2396 conprobantur
1779 2346 1823 2384 et
1850 2347 2175 2384 consentaneum
2215 2345 2278 2383 est
2314 2343 2430 2394 sequi
2459 2341 2565 2384 θεοί
2593 2341 2667 2399 σφ’

279 2405 355 2457 οὖν
386 2412 589 2456 ἐθέλουσι
618 2412 767 2469 φέρειν
796 2414 959 2468 (quidni
987 2415 1117 2467 igitur
1147 2415 1334 2458 homines
1367 2428 1530 2468 quoque
1560 2415 1799 2468 tolerantP).
1831 2414 1910 2457 Hic
1937 2415 2053 2456 locus
2079 2414 2123 2456 in
2153 2414 2395 2458 memoriam
2426 2415 2528 2457 mihi
2548 2416 2671 2458 vocat

279 2498 424 2529 versus
452 2488 529 2526 731
552 2496 689 2538 seqq.:

807 2560 898 2600 Ζεῦ
928 2554 1080 2613 πάτερ,
1105 2554 1203 2601 εἴθε
1233 2557 1398 2613 γένοιτο
1428 2561 1554 2609 θεοῖς
1583 2557 1701 2615 φίλα,
1723 2561 1818 2608 τοῖς
1839 2557 1917 2612 μὲν
1937 2551 2135 2613 ἀλιτροῖς

862 2627 984 2686 ὕβριν
1012 2627 1144 2683 ἁδεῖν,
1177 2630 1249 2673 καί
1280 2646 1384 2688 σφιν
1410 2634 1539 2674 τοῦτο
1571 2631 1735 2686 γένοιτο
1765 2630 1894 2688 φίλον

807 2705 953 2759 θυμῷ,
984 2703 1155 2757 σχέτλια
1186 2701 1288 2759 ἔργα
1316 2701 1426 2757 μετὰ
1455 2703 1611 2761 φρεσὶν
1641 2700 1760 2754 ὅστις
1788 2697 1958 2759 ἆθήνης

865 2771 1097 2830 ἐργάζοιτο,
1128 2777 1250 2818 θεῶν
1277 2775 1409 2830 μηδὲν
1436 2769 1707 2830 (ἷπιζόμενος,

810 2842 940 2890 αὐτὸν
970 2846 1124 2891 ἔπειτα
1153 2845 1284 2890 πάλιν
1313 2851 1429 2890 τῖσαι
1458 2845 1579 2902 κακὰ,
1609 2847 1706 2903 μηδ’
1742 2844 1802 2889 ἔτ’
1830 2841 2003 2889 ὀπίσσω

864 2919 1031 2977 πατρὸς
1058 2915 1322 2964 ἀτασθαλίαι
1351 2921 1477 2964 παισὶ
1506 2921 1694 2976 γένοιντο
1725 2915 1869 2962 κακόν.

810 2994 971 3044 παῖδας
1000 2994 1053 3047 δ’,
1081 2994 1163 3037 οἵτ’
1194 2987 1345 3036 ἀδίκου
1378 2991 1545 3048 πατρὸς
1573 2990 1628 3036 τοὶ
1660 2991 1803 3035 δίκαια
1832 2993 2028 3041 νοεῦντες

867 3068 1068 3120 ποιῶσιν,
1100 3065 1307 3122 Κρονίδη,
1335 3062 1414 3108 σὸν
1441 3062 1571 3119 χόλον
1603 3060 1817 3120 ἁζόμενοι,

812 3136 859 3191 ἐξ
885 3132 1021 3194 ἆρχῆς
1048 3137 1103 3181 τοὶ
1132 3137 1275 3180 δίκαια
1305 3137 1398 3192 μετ’
1433 3133 1633 3181 οἷστοῖσιν
1661 3136 1898 3194 φιλέοντες,

869 3206 929 3266 μή
958 3213 1037 3253 τιν’
1067 3207 1336 3266 ὑπερβασίην
1364 3208 1592 3253 οἷντιτίνειν
1620 3209 1832 3263 πατέρων.

814 3284 935 3324 ταῦτ’
963 3279 1030 3338 εἴη
1055 3279 1296 3338 μακάρεσσι
1323 3285 1452 3333 θεοῖς
1480 3282 1606 3340 φίλα·
1635 3283 1708 3324 νῦν
1734 3281 1770 3324 δ’
1803 3277 1826 3331 ὁ
1856 3279 1935 3335 μὲν
1963 3278 2101 3334 ἔρδων

870 3352 1079 3412 ἐκφεύγει,
1112 3352 1163 3397 τὸ
1195 3352 1327 3398 κακὸν
1357 3354 1393 3397 δ’
1422 3349 1551 3406 ἄλλος
1581 3353 1736 3398 ἔπειτα
1764 3353 1901 3411 φέρει.
