2930 3880
1513 401 1563 442 14

872 518 923 565 οὗ
954 523 1107 580 πολλῷ
1135 519 1187 566 τὸ
1215 518 1377 579 μεσηγὺ
1408 518 1696 576 διαπρήξουσι
1725 519 1952 575 κελεύθου,

928 592 967 637 εἰ
995 591 1054 651 μή
1085 591 1192 652 ἐμὴν
1220 591 1391 650 γνώμην
1422 593 1671 646 ἐξαπατῶσι
1701 595 1818 638 θεοί.

342 666 455 710 Male
481 666 747 722 distinguunt
777 681 924 712 omnes
957 669 1083 711 etiam
1114 669 1156 711 in
1185 681 1222 711 v.
1243 669 1346 709 446:
1376 716 1389 733 2
1500 710 1529 734 .-

1362 725 1603 766 αθανατων
1632 723 1679 766 δὲ
1708 721 1853 775 δόσεις

872 800 1077 840 παντοῖαι,
1105 798 1336 851 θνητοῖσιν
1365 794 1586 850 ἐπέρχοντ’
1600 808 1609 818 ·
1642 790 1735 838 ἄλλ’
1769 795 2007 851 ἐπιτολμᾶν

926 866 1004 925 χρὴ
1035 867 1137 922 δῶρ’
1169 861 1416 918 ἀθανάτων,
1450 860 1525 909 οἷα
1553 867 1759 923 διδοῦσιν,
1792 866 1918 921 ἔχειν.

339 947 383 985 et
412 947 637 998 propterea
663 944 854 987 nonnulli
878 953 954 995 pro
976 938 1089 993 ἔχειν
1109 940 1376 982 coniecerunt
1395 938 1544 995 φέρειν
1571 944 1616 984 et
1642 934 1774 993 ὀχεῖν.
1804 942 1877 984 sed
1906 938 2019 994 ἔχειν
2048 941 2117 985 hic
2143 954 2228 986 non
2258 946 2456 990 cohaeret
2483 959 2579 990 cum
2609 948 2738 991 verbo

340 1014 593 1070 ἐπιτολμᾶν,
639 1016 750 1069 quod
779 1027 855 1068 per
884 1026 929 1056 se
958 1014 1116 1056 dictum
1147 1015 1211 1055 est
1242 1012 1310 1065 (ut
1336 1011 1499 1065 τολμᾶν
1524 1012 1567 1054 in
1597 1023 1635 1055 V.
1663 1013 1740 1053 591
1779 1011 1941 1065 τολμᾶν
1969 1009 2066 1067 χρή,
2105 1009 2157 1054 τοὶ
2195 1012 2365 1057 διδοῦσι
2396 1016 2501 1059 θεοὶ
2530 1020 2738 1073 θνητοῖσι

337 1090 569 1141 βροτοῖσι),
599 1089 671 1131 sed
700 1100 795 1130 cum
824 1086 1036 1128 διδοῦσινε
1065 1077 1140 1127 οἶα
1166 1083 1360 1126 διδοῦσιν
1389 1081 1513 1137 ἔχειν,
1546 1085 1619 1137 qui
1647 1084 1810 1128 dicendi
1838 1085 1988 1129 modus
2016 1086 2154 1138 poetis
2175 1088 2480 1133 vetustioribus
2510 1090 2739 1134 admodum

339 1160 524 1203 usitatus
555 1164 630 1203 est.
664 1159 882 1213 exempla
915 1157 1120 1201 nonnulla
1153 1168 1205 1199 ex
1237 1156 1363 1200 variis
1393 1156 1669 1210 scriptoribus
1700 1157 1928 1210 adponam:
1975 1157 2095 1200 Hom.
2126 1157 2201 1200 Od.
2238 1163 2276 1211 2,
2309 1162 2390 1202 335
2421 1158 2536 1203 οἰκία
2566 1161 2603 1204 δ’
2633 1152 2736 1204 αὖτε

337 1227 494 1274 τούτου
524 1230 676 1287 μητέρι
708 1231 861 1284 δοῖμεν
901 1227 1028 1284 ἔχειν,
1065 1230 1208 1285 hymn.
1239 1230 1282 1271 in
1310 1229 1437 1273 Mero.
1469 1242 1505 1272 V.
1527 1231 1607 1271 497
1645 1225 1778 1287 Ἑρμῇ
1821 1229 1858 1271 δ’
1888 1225 2129 1285 ἐγγυάλιξεν
2167 1228 2280 1283 ἔχειν
2316 1229 2501 1288 μάστιγα
2537 1230 2736 1290 φαεννήν,

336 1305 379 1347 in
411 1305 514 1347 Ven.
549 1317 586 1346 v.
613 1306 693 1346 213
734 1299 836 1353 τούς
875 1299 995 1353 (τοὺς
1023 1301 1211 1356 ἵππους)
1251 1298 1293 1344 οὶ
1332 1301 1473 1358 δῶρον
1514 1298 1676 1344 ἔδωκεν
1716 1300 1843 1356 ἔχειν,
1881 1302 2114 1345 Mimnerm.
2145 1302 2195 1345 fr.
2222 1307 2260 1357 4,
2297 1304 2385 1348 ΙΒ.
2442 1301 2631 1362 Τιθώνῳ
2660 1305 2740 1360 μὲν

339 1375 501 1420 ἔδωκεν
529 1373 642 1428 ἔχειν
670 1372 803 1418 κακὸν
832 1368 1028 1433 ὅφθιτον
1058 1371 1082 1417 ὁ
1112 1371 1224 1425 Ζεύς
1249 1365 1395 1430 γῆρας,
1426 1374 1544 1417 Pind.
1573 1374 1696 1429 Pyth.
1728 1376 1821 1428 XII,
1844 1377 1895 1417 22
1927 1365 2051 1430 εὗρεν
2079 1372 2212 1427 θεός·
2243 1371 2350 1419 ἄλλά
2377 1394 2441 1420 νιν
2469 1376 2630 1434 εὑρῦἲσ’
2664 1372 2739 1421 οἷν-

337 1444 461 1503 δράσι
495 1450 680 1499 θνατοῖς
719 1445 832 1501 ἔχειν
860 1447 1039 1503 (quibus
1071 1442 1210 1491 verbis
1237 1447 1449 1491 Pindarus
1486 1446 1674 1491 fabulam
1703 1449 1922 1503 vulgarem
1961 1449 2146 1504 corrigit,
2187 1461 2297 1502 quae
2326 1451 2563 1494 Minervam
2592 1451 2738 1495 tibiam

336 1519 535 1563 abiecisse
565 1519 781 1572 narrabat,
825 1523 1053 1572 postquam
1084 1520 1287 1563 sensisset
1316 1531 1363 1562 os
1394 1532 1444 1562 ea
1475 1519 1732 1575 deformari),
1780 1521 1926 1574 Eurip.
1954 1521 2104 1565 Bacch.
2134 1535 2172 1564 v.
2190 1525 2271 1564 422
2302 1523 2355 1566 de
2384 1523 2568 1577 Dionyso
2596 1519 2672 1566 ἰ’σα
2701 1523 2738 1565 δ’

335 1588 398 1643 εἴς
426 1607 472 1633 τε
503 1591 579 1634 τὸν
608 1591 756 1645 ὄλβιον
784 1588 862 1634 τόν
889 1608 936 1634 τε
965 1591 1162 1646 χερείονα
1189 1591 1291 1634 δῶκ’
1325 1589 1438 1644 ἔχειν
1469 1587 1590 1633 οἴνου
1620 1591 1777 1646 τέρψιν
1806 1585 1989 1646 ἄλυπον,
2015 1591 2066 1635 cf.
2095 1593 2137 1635 in
2167 1594 2269 1647 ipsis
2291 1593 2570 1648 Theognideis
2601 1607 2639 1636 v.
2658 1597 2738 1637 562

336 1660 403 1720 εἴη
437 1680 515 1718 μοι
549 1661 603 1706 τὰ
639 1663 717 1719 μὲν
754 1661 884 1707 αὐτὸν
919 1661 1044 1720 ἔχειν,
1085 1661 1140 1706 τὰ
1171 1662 1218 1706 δὲ
1254 1660 1380 1706 πόλλ’
1419 1663 1645 1706 ἐπιδοῦναι
1681 1660 1877 1720 χρήματα
1912 1666 2000 1706 τῶν
2038 1664 2212 1720 ἐχθρῶν
2239 1669 2356 1709 τοῖσι
2387 1665 2581 1723 φίλοισιν
2611 1664 2737 1720 ἔχειν,

335 1750 375 1780 v.
399 1740 506 1780 1057
535 1726 661 1780 αὗται
688 1733 750 1790 (αὶ
780 1738 978 1791 Μοῦσαι)
1007 1734 1085 1793 γὰρ
1117 1736 1208 1779 τάδ’
1241 1733 1409 1779 ἔδωκαν
1443 1734 1556 1789 ἔχειν
1582 1735 1866 1791 κεχαρισμένα
1894 1737 2013 1792 δῶρα
2045 1738 2117 1781 σοὶ
2145 1739 2217 1781 καὶ
2254 1737 2350 1794 ἐμοί
2381 1755 2420 1783 κ.
2435 1755 2472 1782 τ.
2489 1740 2538 1790 λ.,
2575 1743 2738 1783 v.1387

337 1808 618 1865 Κυπρογενὲς
642 1809 870 1864 Κυθέρεια
903 1805 1162 1864 δολοπλόκε,
1201 1808 1274 1852 σοί
1303 1824 1346 1851 τι
1374 1806 1599 1863 περισσὸν,
1616 1806 1728 1860 Ζεὺς
1763 1806 1863 1852 τόδε
1900 1806 2082 1866 τιμήσας
2117 1810 2261 1865 δῶρον
2294 1809 2455 1854 ἔδωκεν
2489 1809 2614 1865 ἔχειν.
2672 1812 2739 1856 Sic

339 1883 471 1936 igitur
499 1884 628 1927 etiam
660 1884 703 1926 in
737 1896 772 1926 v.
792 1885 887 1935 446,
917 1884 999 1927 etsi
1029 1883 1097 1926 hic
1125 1882 1295 1926 dativus
1322 1893 1406 1924 non
1436 1883 1591 1926 diserte
1620 1882 1791 1925 additus
1817 1885 1894 1935 est,
1927 1882 2218 1926 scribendum:

1457 1947 1548 1996 ἄλλ’
1577 1952 1822 2009 ἐπιτολμᾶν

869 2025 948 2085 χρὴ
978 2028 1079 2080 δῶρ’
1109 2021 1358 2080 ἀθανάτων,
1390 2020 1466 2069 οἷα
1495 2026 1688 2070 διδοῦσιν
1722 2024 1848 2080 ἔχειν.

469 2098 665 2141 Nondum
695 2099 735 2140 in
766 2099 956 2141 ordinem
984 2098 1144 2141 redacti
1173 2101 1272 2140 sunt
1301 2097 1430 2141 etiam
1460 2110 1499 2140 v.
1526 2099 1608 2139 773
1624 2108 1761 2151 seqq.:

870 2173 1007 2224 Φοῖβε
1033 2163 1150 2223 ἷὶναξ,
1180 2164 1311 2220 αὐτὸς
1337 2168 1416 2226 μὲν
1448 2166 1705 2224 ἐπύργωσας
1736 2165 1868 2212 πόλιν
1898 2163 2042 2225 ἄκρην,

921 2238 1155 2298 Ἀλκαθόῳ
1184 2241 1393 2292 Πέλοπος
1421 2241 1548 2284 παιδὶ
1574 2237 1875 2296 χαριζόμενος”

866 2310 996 2366 αὐτὸς
1025 2315 1073 2358 δέ
1102 2311 1288 2369 στρατόν
1316 2311 1521 2369 ὑβριστὴν
1551 2310 1721 2372 Μήδων
1748 2307 1939 2369 ἆπέρυκε

924 2388 1053 2446 τῆσδε
1081 2383 1256 2444 πόλευς,
1290 2387 1360 2429 ἵνα
1392 2402 1464 2430 σοι
1496 2387 1595 2430 λαοὶ
1623 2385 1668 2429 ἐν
1695 2381 1945 2444 εὐφροσύνῃ

869 2453 970 2517 ἦρος
1001 2459 1294 2516 ἐπερχομένου
1322 2456 1493 2510 κλειτὰς
1522 2457 1730 2513 πέμπωσ’
1762 2454 2016 2513 ἑκατόμβας,

921 2530 1186 2589 τερπόμενοι
1214 2529 1379 2589 κιθάρῃ
1406 2531 1478 2573 καὶ
1507 2529 1635 2589 ἐρατῇ
1663 2530 1799 2589 θαλίῃ

867 2603 1064 2648 παιάνων
1093 2621 1139 2648 τε
1171 2608 1321 2659 χοροῖς
1349 2602 1492 2663 ἶαχῇσί
1521 2619 1568 2646 τε
1600 2601 1679 2646 σὸν
1707 2603 1811 2659 περὶ
1841 2599 2005 2658 βωμόν.

337 2682 386 2723 In
417 2692 541 2723 versu
575 2682 692 2721 sexto
737 2683 780 2721 et
815 2680 996 2732 septimo
1037 2691 1104 2722 res
1142 2679 1334 2722 diversae
1366 2678 1476 2720 male
1505 2677 1664 2719 mixtae
1693 2680 1793 2719 sunt
1831 2677 1874 2718 in
1902 2676 2103 2719 librorum
2133 2678 2314 2720 lectione
2344 2682 2387 2721 et
2416 2678 2457 2720 in
2483 2679 2736 2724 coniecturis

337 2747 505 2809 κιθάρῃ
529 2751 565 2792 τ’
599 2745 665 2806 ἠδ’
699 2749 828 2808 ἐρατῇ
866 2750 1013 2809 θαλίῃ,
1050 2752 1237 2808 κιθαρῇς
1275 2744 1339 2806 ἧδ’
1379 2748 1509 2807 ἐρατῇ
1542 2747 1693 2804 θαλίῃ,
1735 2749 1790 2792 al.
1833 2748 2127 2793 Cohaerebant
2155 2752 2342 2807 κιθαρῇς
2372 2765 2417 2792 τε
2456 2747 2653 2794 παιάνων
2687 2768 2734 2795 τε

336 2827 486 2878 χοροῖς
517 2820 661 2880 ἶαχῇσί
689 2837 749 2875 τε,
776 2824 816 2864 in
846 2824 999 2876 quibus
1029 2818 1226 2865 παιάνων
1256 2821 1382 2876 χοροί
1412 2821 1482 2877 (ut
1506 2823 1549 2864 in
1576 2821 1747 2864 Pindari
1779 2821 1831 2864 de
1861 2820 2227 2876 Hyperboreomm
2257 2822 2364 2866 festo
2399 2823 2614 2877 Apollineo
2645 2837 2737 2869 ver-

336 2897 400 2939 bis
428 2895 552 2950 Pyth.
582 2894 634 2948 X,
668 2897 720 2936 38
761 2896 904 2952 παντᾴ
933 2893 980 2937 δὲ
1008 2894 1133 2949 χοροὶ
1170 2893 1408 2950 παρθένων
1439 2893 1570 2948 λυρᾶν
1599 2909 1647 2936 τε
1677 2893 1779 2946 βοαὶ
1807 2893 1985 2947 καναχαί
2015 2893 2051 2935 τ’
2084 2887 2227 2936 αὖλιῦν
2259 2894 2496 2950 δονέονται)
2526 2897 2579 2940 de
2607 2901 2736 2940 cantu

336 2969 496 3011 dictum
529 2970 606 3018 est,
637 2968 824 3024 κιθαρῇς
853 2967 905 3009 de
938 2966 1082 3010 fidium
1112 2970 1316 3011 concentu
1344 2966 1458 3017 (hinc
1484 2966 1663 3020 pluralis
1689 2967 1969 3020 necessarius)
2008 2969 2052 3010 et
2081 2963 2224 3024 ἰαχῇσι
2253 2967 2306 3010 de
2337 2967 2461 3011 laetis
2489 2969 2634 3022 populi
2661 2981 2736 3011 vo-

336 3039 650 3084 ciferationibus
691 3039 822 3092 (quod
851 3052 918 3092 ap.
949 3039 1181 3082 Pindarum
1207 3041 1235 3082 l.
1264 3052 1298 3083 c.
1331 3052 1366 3081 v.
1396 3042 1449 3081 35
1487 3051 1587 3084 voce
1626 3033 1860 3097 εὐφαμίαις
1897 3038 2057 3082 dictum
2097 3042 2182 3082 est:
2231 3028 2292 3081 ὦν
2327 3039 2504 3091 θαλίαις
2541 3039 2736 3095 ἔμπεδον

340 3107 572 3169 εὐφαμίαις
605 3126 652 3153 τε
688 3106 856 3165 μάλιστ’
896 3104 1131 3154 Ἀπόλλων
1158 3111 1310 3167 χαίρει,
1349 3111 1461 3164 quod
1496 3112 1592 3154 inde
1622 3124 1649 3155 a
1675 3109 1884 3154 Boeckhio
1914 3110 2025 3153 male
2054 3114 2245 3154 vertunt:
2290 3123 2468 3164 quorum
2498 3104 2665 3166 ‘epulis'
2693 3114 2736 3154 et

335 3178 571 3237 ‘cantibus',
616 3195 700 3236 quo
728 3186 850 3242 totus⁴
874 3185 989 3227 locus
1019 3184 1239 3228 turbatur:
1289 3185 1480 3237 sequitur
1509 3184 1676 3227 demum
1707 3185 1864 3226 Μοῖσα
1892 3182 1928 3224 δ’
1963 3175 2041 3225 οὐκ
2069 3176 2293 3237 ἀποδαμεῖ
2322 3188 2366 3226 et
2395 3179 2736 3237 εἰλαπινάζοισιν

339 3250 597 3313 εὐφρόνως).
631 3256 722 3300 Iam
747 3268 841 3299 cum
862 3256 967 3300 haec
985 3257 1126 3300 omnia
1145 3256 1252 3300 fiant
1278 3255 1324 3300 ἐν
1353 3255 1483 3315 ἐρατῇ
1510 3255 1661 3313 θαλίῃ,
1687 3255 1818 3299 verba
1847 3258 2047 3308 corrupta
2067 3256 2126 3299 sic
2146 3256 2393 3310 corrigenda
2412 3268 2505 3300 esse
2523 3256 2733 3299 videntur:

922 3325 1187 3383 τερπόμενοι
1213 3331 1401 3388 κιθαρῇς
1428 3328 1465 3371 τ’
1496 3326 1560 3372 εἰν
1591 3327 1720 3386 ἐρατῇ
1749 3327 1885 3384 θαλίῃ

871 3398 1067 3444 παιάνων
1094 3417 1141 3444 τε
1173 3405 1322 3456 χοροῖς
1344 3400 1495 3460 «ἱαχῇσι
1523 3417 1570 3444 τε
1602 3399 1680 3444 σὸν
1708 3400 1813 3454 περὶ
1841 3396 2005 3455 βωμόν.
