2930 3880
1492 387 1543 426 10

847 499 981 548 Ἀλλὰ
1010 501 1138 561 λόγον
1165 504 1243 560 μὲν
1271 507 1427 547 τοῦτον
1455 500 1651 558 ἐάσομεν,
1679 498 1812 558 αὐτὰρ
1847 503 1943 558 ἐμοὶ
1972 501 2027 547 σύ

907 571 1046 629 αὔλει,
1077 577 1148 620 καὶ
1179 578 1376 620 Μουσῶν
1401 572 1644 632 μνησόμεθ’
1676 569 1936 633 οἷμφὸτεροι.

855 640 980 694 αὗται
1010 646 1089 706 γάρ
1117 645 1210 691 τάδ’
1243 646 1410 691 ἔδωκαν
1441 645 1554 700 ἔχειν
1585 647 1866 702 κεχαρισμένα
1895 649 2014 702 δῶρα

912 723 985 766 σοὶ
1013 721 1084 764 καὶ
1114 720 1212 776 ἐμοὶ
1242 719 1312 762 καὶ
1342 716 1430 774 μήν
1452 713 1848 776 ἆμφιπερικτίοσιν.

323 816 472 860 intulit
484 814 656 859 Nannoz
687 813 761 857 σοὶ
790 813 860 856 καὶ
890 812 999 867 ἐμοὶ,
1022 812 1197 861 Ναννοῖ,
1231 803 1655 865 κᾶμφιπερικτίοσιν.
1685 820 1784 851 nam
1808 809 1954 852 Musae
1981 822 2056 864 per
2079 822 2125 852 se
2143 810 2249 854 nihil
2276 807 2442 854 ἔδωκαν
2470 807 2582 863 ἔχειν
2609 810 2711 865 ipsis

325 887 412 932 illis
442 882 838 946 ἆμφιπερικτίοσιν.
869 885 1016 936 Neque
1037 883 1167 926 etiam
1185 880 1379 924 infinitivi
1400 892 1504 934 quos
1532 881 1604 923 alii
1622 885 1950 935 proposuerunt:
1978 881 2161 936 μελέμεν
2177 882 2230 937 δ’,
2249 884 2395 937 νωμᾶν
2414 883 2465 936 δ’,
2497 882 2711 937 μεταδοῢν

324 962 379 1017 δ’,
401 960 617 1016 δρεπέμεν
639 960 675 1002 δ’
699 958 870 1012 ferendi,
902 957 971 1009 qui
1002 955 1114 997 male
1143 955 1202 997 sic
1224 957 1534 1008 opponerentur
1562 953 1652 996 voci
1683 950 1808 1006 ἔχειν.
1838 953 2067 1006 Hartungii
2096 959 2239 997 autem
2264 954 2494 999 infinitivus
2524 956 2614 999 sine
2642 954 2707 997 ὁέε

325 1033 509 1089 μέλπειν
524 1027 922 1090 ἄμφιπερικτίοσιν,
937 1028 1003 1071 his
1020 1027 1159 1070 omnia
1177 1026 1264 1079 dat,
1284 1038 1434 1080 parum
1455 1029 1606 1079 poetae
1631 1029 1675 1069 et
1694 1025 1861 1068 tibicini.
1893 1025 1993 1078 quid
2026 1026 2191 1068 multa?
2221 1025 2370 1070 Musae
2394 1024 2496 1069 τάδε
2516 1042 2712 1082 κεχαρισ-

326 1105 435 1161 μένα
463 1105 581 1159 δῶρα
611 1101 777 1147 ἔδωκαν
808 1098 922 1154 ἔχειν
949 1103 1099 1154 poetae
1127 1102 1172 1142 et
1200 1098 1381 1150 tibicini3
1423 1109 1499 1152 per
1538 1098 1615 1141 hos
1656 1101 1799 1141 autem
1829 1097 1958 1141 etiam
1990 1093 2031 1139 οὶ
2061 1091 2446 1153 ἄμφιπερικτίονες
2485 1098 2710 1152 partiCIpes

323 1179 444 1223 fiunt.
487 1179 568 1221 hoe
613 1177 742 1230 igitur
787 1174 1055 1218 inserendum
1098 1171 1264 1216 videtur
1308 1172 1418 1215 inter
1464 1170 1693 1214 secundum
1736 1174 1779 1214 et
1822 1170 1995 1214 tertium
2034 1169 2224 1214 dativum
2264 1170 2336 1224 (A
2376 1169 2454 1224 μὲν
2491 1169 2527 1212 δ’
2570 1169 2710 1225 habet,

323 1253 410 1294 ΚΟ
437 1249 554 1303 νῦν);

850 1308 977 1361 αὗται
1006 1314 1084 1373 γὰρ
1115 1312 1210 1359 τάδ’
1245 1313 1412 1359 ἔδωκαν
1444 1314 1557 1369 ἔχειν
1584 1314 1866 1370 κεχαρισμένα
1895 1315 2013 1370 δῶρα

907 1390 980 1434 σοὶ
1009 1389 1080 1432 καὶ
1110 1389 1220 1444 ἐμοὶ,
1247 1385 1318 1432 διά
1349 1391 1434 1445 νῷν
1463 1383 1511 1431 δ”
1531 1383 1927 1446 άμφιπερικτιόσιν.

324 1467 462 1510 Locus
489 1464 615 1508 simili
645 1463 768 1507 modo
798 1463 990 1513 incertus
1010 1475 1048 1504 v.
1079 1463 1159 1504 805
1191 1473 1302 1515 sqq.:

862 1531 1029 1589 Τύρνου
1057 1533 1129 1576 καὶ
1157 1529 1364 1589 στάθμης
1392 1532 1463 1574 καὶ
1487 1526 1708 1587 γνώμονος
1736 1525 1869 1586 ἄνδρα
1895 1534 2082 1587 θεωρῶν

910 1601 1151 1660 εὐθύτερον
1178 1602 1258 1663 χρὴ
1286 1603 1378 1659 μὲν,
1407 1600 1564 1658 Κύρνε,
1595 1598 1937 1661 φυλασσόμενον,

853 1669 889 1736 ᾤ’
916 1679 1000 1722 τινί
1026 1695 1098 1722 κεν
1127 1679 1318 1720 Πυθῶνι
1346 1678 1458 1720 θεοῦ
1486 1668 1663 1731 χρῆσαί
1693 1670 1826 1729 ἱέρεια

910 1747 1057 1808 ὀμφὴν
1086 1748 1252 1808 σημήνῃ
1282 1749 1438 1800 πίονος
1469 1748 1517 1802 ἐξ
1544 1742 1720 1790 ἀδύτου.

325 1829 483 1884 (Vinet.
508 1823 698 1882 θεωρόν,
741 1827 871 1871 Turn.
914 1823 1246 1883 φυλασσέμεναι,
1287 1823 1404 1866 Geel.
1443 1818 1522 1877 χρὴ
1567 1822 1684 1877 νοῦν,
1720 1820 1877 1875 Saupp.
1914 1820 2001 1874 χρῆ’
2035 1833 2141 1871 στιν,
2168 1817 2270 1861 Ahr.
2305 1814 2383 1873 χρὴ
2416 1814 2528 1871 ἔμεν,
2561 1815 2711 1870 Bergk.

328 1902 500 1959 χρῆμεν,
532 1900 602 1943 alii
632 1900 734 1952 alia)
759 1899 863 1942 mihi
891 1899 951 1942 sie
979 1898 1224 1942 scribendus
1253 1909 1343 1941 esse
1371 1896 1559 1940 videtur:

861 1967 1027 2026 Τόρνου
1057 1969 1129 2012 καὶ
1154 1966 1356 2025 στάθμης
1385 1967 1457 2010 καὶ
1487 1963 1709 2023 γνιόμονος
1737 1959 1869 2020 ἶίνδρα
1895 1964 2071 2019 θεωρὸν

914 2038 1161 2098 εὐθύτερον
1189 2039 1268 2101 χρὴ
1297 2042 1398 2095 πᾶν,
1434 2037 1591 2095 Κύρνε,
1622 2037 1954 2097 φυλασσέμεναι,

856 2107 891 2173 ᾧ
919 2131 1002 2158 τινι
1031 2132 1068 2158 κ.
1099 2131 1136 2158 τ.
1166 2115 1202 2158 λ.

327 2192 476 2245 Neque
503 2191 630 2234 etiam
658 2191 701 2233 in
730 2202 768 2233 v.
799 2193 902 2234 903:

846 2269 992 2324 Ὅστις
1022 2267 1236 2316 ἀνάλωσιν
1264 2274 1388 2328 τηρεῖ
1416 2267 1524 2312 κατὰ
1553 2264 1751 2325 χρήματα
1779 2268 1945 2323 θηρῶν,

911 2344 1113 2401 κυδίστην
1142 2338 1297 2400 ἀρετὴν
1325 2348 1420 2395 τοῖς
1447 2343 1653 2387 συνιεῖσιν
1683 2338 1782 2394 ἔχει.

327 2441 426 2474 cum
454 2429 635 2483 Bergkio
666 2434 708 2471 et
737 2428 893 2472 Orellio
933 2429 987 2472 ad
1029 2428 1262 2471 Theronem
1308 2428 1492 2482 aliquem
1535 2425 1858 2479 confugiendum
1902 2427 1977 2467 est.
2036 2421 2276 2466 Democlem
2317 2423 2445 2475 poeta
2473 2420 2716 2474 adloquitur

331 2501 376 2544 in
403 2513 442 2544 v.
474 2503 555 2543 923
587 2512 691 2554 sqq„
719 2501 792 2554 qui
822 2501 884 2543 ita
913 2499 1138 2544 cohaerent
1165 2512 1260 2543 cum
1288 2500 1651 2552 antecedentibus,
1684 2497 1948 2552 ut'separari
1976 2499 2198 2548 nequeant.
2245 2506 2382 2548 neque
2407 2493 2534 2537 etiam
2567 2506 2642 2548 per
2671 2504 2715 2536 se

338 2574 442 2617 satis
484 2573 613 2628 polite
653 2573 809 2616 dictum
837 2573 1027 2616 videtur:
1073 2567 1288 2615 ἀνάλωσιν
1329 2574 1477 2629 τηρεῖν
1513 2567 1621 2613 κατὰ
1664 2565 1875 2625 χρήματα,
1906 2567 1980 2612 sed
2008 2566 2276 2621 participium
2304 2565 2360 2608 ad
2387 2560 2495 2606 κατὰ
2522 2560 2717 2620 χρήματα

335 2646 552 2700 pertinens
570 2646 834 2689 desideratur
851 2645 1092 2700 significans
1122 2642 1229 2687 κατὰ
1256 2641 1449 2701 χρήματα
1479 2645 1686 2687 δαπανῶν
1718 2641 1785 2697 (ut
1814 2641 1856 2683 in
1882 2652 1921 2683 V.
1954 2641 2033 2682 923
2063 2637 2172 2679 κατὰ
2199 2633 2394 2693 χρήματα
2418 2634 2495 2692 τὴν
2521 2630 2716 2690 δαπάνην

332 2718 502 2762 θέσθαι
530 2718 722 2773 legitur).
762 2718 1002 2762 huiusmodi
1031 2718 1123 2762 'esse
1149 2718 1316 2761 videtur
1345 2730 1427 2760 vox
1455 2709 1655 2775 ἆῷαιριῦν
1685 2714 1892 2768 (solebant
1920 2711 2057 2755 dicere
2088 2707 2356 2765 προσθεῖναί
2382 2723 2425 2751 τι
2452 2703 2480 2763 ἢ
2504 2701 2714 2765 οἷφελεῖν).

332 2794 396 2849 111ι
419 2790 531 2843 quod
559 2789 653 2832 libri
684 2789 842 2834 habent
884 2793 1058 2846 propter
1084 2790 1319 2844 neglectam
1349 2789 1654 2844 apostrophum
1685 2792 1727 2831 et
1758 2785 2072 2830 similitudinem
2104 2783 2342 2826 litterarum
2367 2782 2407 2824 Θ
2435 2785 2478 2824 et
2509 2783 2550 2822 Φ
2576 2783 2716 2824 ortum

328 2874 420 2906 esse
441 2862 545 2905 mihi
562 2862 756 2906 videatur
771 2876 842 2907 ex:

849 2943 992 2998 Ὅστις
1013 2940 1231 2990 ἀνάλωσιν
1260 2948 1383 3002 τηρεῖ
1410 2942 1516 2987 κατὰ
1544 2942 1725 3000 χρήματ’
1755 2939 1964 2997 ἇφαιριῖν,

914 3019 1118 3076 κυδίστην
1145 3012 1299 3077 ἀρετὴν
1327 3021 1422 3069 τοῖς
1449 3019 1658 3060 συνιεῖσιν
1689 3012 1789 3067 ἔχει.

337 3105 386 3148 111
415 3104 652 3159 fragmento
683 3105 855 3158 gravius
883 3107 1078 3158 corrupto
1107 3117 1146 3147 v.
1178 3106 1256 3145 511
1285 3114 1423 3155 seqq:

855 3178 1024 3238 Ἠλθες
1052 3185 1117 3243 δὴ,
1140 3182 1404 3240 Κλεάριστε,
1433 3182 1579 3239 βαθὺν
1607 3181 1680 3226 διὰ
1708 3177 1871 3224 πόντον
1900 3174 2100 3229 οἷνύσσας,

917 3257 1066 3303 ἐνθάδ’
1099 3259 1167 3303 ἐπ’
1200 3257 1323 3302 οὐδὲν
1351 3255 1488 3311 ἔχοντ’
1520 3248 1557 3300 ὦ
1587 3252 1718 3298 τάλαν
1749 3247 1874 3295 οὐδὲν
1904 3247 2026 3304 ἔχων.

865 3328 964 3388 νηός
992 3348 1062 3375 τοι
1091 3333 1326 3391 πλευρῇσιν
1354 3327 1443 3374 ὑπὸ
1473 3325 1574 3385 ζυγὰ
1599 3323 1798 3384 θήσομεν
1827 3321 1964 3380 ἡμεῖς,

918 3401 1175 3459 Ι(λεάρισθ’,
1207 3398 1265 3447 οἷ’
1298 3400 1453 3458 ἔχομεν
1480 3396 1581 3454 χοῖα
1610 3400 1779 3444 διδοῦσι
1807 3395 1924 3440 θεοί.
