2930 3880
1456 352 1505 392 18

281 475 371 515 ποῦ
409 485 484 526 pro
519 466 613 515 ἄσιῦ
650 472 764 526 (Hes.
801 471 1012 528 ἀσωμένη,
1046 472 1324 528 λυπουμένη),
1364 485 1401 515 v.
1424 462 1503 514 939
1541 468 1672 526 λιγὺρ’
1709 466 1901 528 (ἅδέμεν)
1935 487 2010 528 pro
2040 473 2116 529 λίγ’
2161 468 2391 528 (αέιὸέμεν)
2427 475 2541 525 (Hes,
2572 474 2679 530 λίγα,

283 546 493 601 λιγυρῶς),
536 557 573 585 V.
598 544 679 586 973
718 538 768 587 ὃν
797 543 898 586 ἐπεί
936 555 1047 587 ποτε
1077 547 1177 600 γαῖα
1205 538 1379 600 καλύψῃ
1415 554 1490 596 pro
1521 535 1571 583 ὃν
1604 543 1743 596 πρῶτ’
1775 541 1850 586 ἐπὶ
1876 546 1976 598 γαῖα
2006 540 2192 602 καλύψῃ,
2233 558 2271 587 v.
2297 548 2375 588 981
2409 543 2566 599 τέρποι
2605 559 2681 601 pro

287 616 437 672 θέλγοι
475 616 591 671 (Hes.
626 615 787 671 θέλγει,
822 615 1006 670 τέρπει),
1051 629 1089 658 v.
1122 619 1199 657 150
1239 612 1263 671 ἡ
1304 615 1340 657 δ’
1384 610 1513 668 ἀρετή
1557 614 1583 656 i.
1613 625 1649 656 e.
1690 614 1944 669 periphrasis
1989 611 2381 670 interpretationem
2419 629 2494 672 pro
2529 611 2685 676 ἀρετῆς

281 692 429 744 μοῖρα,
475 703 510 731 v,
532 691 610 731 365
642 682 698 730 οὔ
728 684 910 742 δύναμαι
950 689 1105 742 γνῶναι
1142 683 1243 729 νόον
1271 681 1416 729 ἀστῶν
1455 686 1483 727 i.
1505 698 1541 729 e.
1573 686 1763 730 ordinem
1805 687 2026 731 verborum
2062 688 2245 744 logicum
2281 702 2358 743 pro
2389 684 2534 733 οἰστῶν
2563 689 2600 732 δ’
2632 684 2683 733 οὗ

280 758 466 815 δύναμαι
498 762 653 816 γνῶναι
685 757 786 803 νόον
814 760 893 815 (sic
927 761 965 802 in
997 773 1036 801 v.
1060 762 1139 801 104
1169 760 1247 801 τοῦ
1278 757 1494 811 μεταδοῦν
1524 756 1671 800 ἐθέλει
1700 759 1884 812 primum
1913 760 1955 801 in
1984 761 2062 802 τοῦ
2099 761 2207 816 μέγα
2235 761 2349 804 δοῦν’
2383 761 2542 812 ἐθέλει,
2588 763 2684 806 dein

282 834 326 877 in
353 834 503 876 δοῦναι
532 833 658 876 θέλει
689 830 739 875 τὸ
768 833 875 888 μέγα
906 832 1040 884 abiit),
1080 844 1116 873 v.
1139 833 1219 872 702
1250 827 1468 872 Αἰολίὸου
1500 825 1698 886 Σισύφου
1729 834 1773 873 et
1799 842 1838 873 v,
1861 832 1939 873 711
1970 830 2165 888 Σίσυφος
2203 828 2334 875 πάλιν
2374 826 2538 889 ἤλυθεν
2567 830 2685 889 ἥρως

284 919 336 949 ex
366 907 473 948 mira
503 906 725 959 prosodiae
755 905 919 947 inscitia
958 916 1034 956 pro
1063 898 1258 959 Σισύφου
1290 899 1516 944 Αἱολίδεω
1557 907 1600 945 et
1631 898 1764 944 πάλιν
1791 895 1930 958 ἤλυθε
1959 902 2157 959 ,Σίσυφος
2186 901 2317 960 ἥρως.
2381 907 2430 949 In
2463 907 2555 950 aliis
2585 907 2683 950 locis

284 978 535 1021 Mutinensis
571 981 612 1020 et
652 979 741 1030 ipse
772 989 863 1020 cum
895 975 1066 1028 reliquis
1103 974 1296 1017 omnibus
1326 974 1539 1018 codicibus
1571 975 1850 1029 Theognideis
1879 975 2136 1029 glossemata
2164 976 2303 1028 habet,
2349 979 2467 1022 velut
2496 980 2538 1022 in
2568 993 2605 1022 v.
2631 982 2682 1022 35

284 1049 460 1092 ἐσθλῶν
495 1049 573 1103 μὲν
615 1046 693 1104 γὰρ
739 1042 813 1089 ἄπ’
860 1045 1002 1090 ἐσθλοὶ
1041 1043 1278 1103 μαθήσεαι,
1321 1047 1394 1089 ubi
1429 1046 1639 1102 Bergkius
1671 1061 1722 1090 ex
1749 1047 1992 1092 Aristotelis
2034 1048 2171 1092 verbis
2203 1049 2246 1091 in
2274 1048 2372 1105 Eth.
2403 1051 2494 1094 Nic.
2529 1052 2599 1104 IX,
2635 1055 2683 1094 12

283 1117 613 1177 οἷπομάττονται
644 1120 721 1175 γὰρ
753 1119 855 1173 παρ’
887 1113 1096 1176 ἀλλήλων,
1126 1113 1196 1170 οἷς
1226 1112 1506 1173 ἀρέσκονται·
1538 1116 1648 1162 ὅθεν
1677 1116 1729 1162 τό
1758 1116 1958 1162 ςἐσθλῶν
1995 1119 2074 1174 μὲν
2102 1116 2180 1175 γὰρ
2216 1113 2292 1163 ὄπ’
2326 1115 2488 1164 gamo?
2517 1125 2686 1177 egregie

284 1195 463 1249 collegit,
497 1195 632 1247 ipsum
664 1192 948 1246 Theognidem
978 1188 1226 1245 ἀπομάξεαι
1253 1192 1481 1245 scripsisse,
1529 1205 1606 1247 pro
1636 1204 1719 1245 quo
1748 1193 1860 1247 apud
1888 1192 2111 1236 Platonem
2142 1193 2532 1247 et-Xenophontem
2563 1194 2687 1238 διδά-
2712 1183 2715 1186 ’

285 1269 377 1321 ξεαι
406 1258 562 1321 legitur
587 1259 851 1318 (ἅπομάξε-αι
880 1264 1153 1317 Aristophani
1182 1276 1348 1318 quoque
1377 1264 1649 1308 obversatum
1679 1277 1771 1308 esse
1801 1265 1968 1308 videtur
1999 1265 2041 1307 in
2067 1266 2171 1308 Ran.
2202 1278 2239 1308 v.
2262 1268 2380 1318 1040,
2413 1267 2486 1309 ubi
2505 1267 2686 1321 Aeschy-

284 1341 372 1383 lum
409 1339 459 1381 de
489 1338 671 1380 Homero
706 1337 914 1379 dicentem
951 1335 1067 1380 fecit:
1112 1332 1222 1379 ὅθεν
1251 1333 1338 1394 ἡμή
1372 1334 1490 1393 φρὴν
1519 1331 1836 1393 ἀπομαξαμένη
1859 1334 2029 1387 πολλάς
2057 1332 2211 1391 ἀρετὰς
2241 1337 2448 1393 ἐποίησεν
2480 1355 2517 1381 κ.
2546 1354 2583 1381 τ.
2615 1339 2686 1395 λ.).

287 1414 442 1455 Versus
471 1411 592 1463 (teste
622 1409 813 1459 Hermia)
843 1409 1007 1452 Solonis
1039 1410 1081 1452 in
1114 1410 1341 1453 Mutinensi
1374 1422 1410 1452 v.
1437 1412 1546 1452 1254
1574 1411 1634 1454 sic
1664 1411 1821 1463 scripta
1850 1412 1970 1453 sunt:

808 1473 992 1533 Ὄλβιος,
1022 1471 1057 1537 ᾧ
1085 1480 1241 1531 παῖδές
1270 1496 1317 1523 τε
1345 1480 1467 1538 φίλοι
1495 1481 1566 1524 καὶ
1595 1478 1789 1535 μώνυχες
1816 1482 1952 1523 ἵπποι

871 1552 1084 1608 θηρευται
1114 1569 1159 1594 τε·
1190 1548 1312 1603 κύνες
1339 1553 1409 1595 καὶ
1442 1552 1552 1606 ξένοι
1584 1548 1844 1596 ἅλλοόαποί.

284 1633 326 1674 in
359 1633 470 1674 Plat.
499 1631 637 1684 Lysid.
668 1643 708 1684 p.
735 1633 813 1672 212
843 1631 920 1673 hoc
949 1631 1094 1673 modo:

808 1695 1005 1757 Ὄλβιος,
1027 1692 1063 1758 ᾦ
1092 1701 1248 1752 παῖδές
1279 1716 1326 1743 τε
1357 1701 1480 1759 φίλοι
1510 1718 1579 1744 και
1608 1699 1802 1757 μώνυχες
1829 1702 1966 1745 ἵπποι

875 1774 946 1816 καὶ
974 1790 1096 1825 κυνες
1126 1771 1330 1829 ἄγρευταί
1360 1773 1430 1816 καὶ
1462 1768 1582 1827 ’ξένος
1610 1770 1872 1826 αλλοδαπός.

288 1831 338 1890 In
369 1847 435 1889 his
466 1846 631 1889 Platoni
661 1846 838 1899 pluralis
868 1844 981 1898 ξένοι
1011 1838 1254 1887 αλλοδαποί
1286 1844 1526 1900 reddendus
1556 1850 1633 1896 est,
1665 1846 1737 1900 qui
1766 1857 1908 1889 errore
1937 1842 2114 1899 proclivi
2142 1844 2212 1899 (cf.
2243 1845 2362 1888 Pind.
2394 1846 2517 1901 Pyth.
2538 1847 2610 1899 VI,
2636 1850 2685 1890 12

289 1913 379 1960 οὔτ’
411 1912 570 1973 ἄνεμος
594 1917 637 1969 ἐς
665 1914 827 1972 μυχούς
855 1931 931 1972 pro
959 1910 1052 1960 ουτ’
1085 1910 1238 1971 ἂνεμοι
1271 1915 1314 1967 ἐς
1342 1914 1522 1971 μυχούς)
1550 1919 1593 1960 in
1623 1918 1886 1972 singularem
1909 1918 2032 1971 abiit·
2066 1918 2140 1962 sed
2168 1918 2213 1962 in
2240 1920 2376 1963 altera
2399 1931 2545 1963 versus
2563 1923 2688 1974 parte

255 1977 266 1985 ⁴
290 1992 504 2049 θηρευταί
530 1993 846 2046 interpretando
877 2004 953 2045 pro
983 1986 1187 2047 αγρευταί
1221 1991 1424 2044 scriptum
1456 2003 1546 2034 esse
1573 1991 1742 2034 videtur
1773 1982 1932 2043 (Hes'
1914 1983 2035 2045 ἄγρα,
2063 1986 2210 2046 θήρα),
2268 2003 2350 2045 quo
2380 1991 2492 2035 facto
2521 1994 2687 2035 mutan·

287 2063 490 2109 dus'erat
522 2065 622 2107 ordo
652 2065 876 2108 verborum
906 2067 1079 2118 propter
1109 2066 1303 2115 metrum,
1348 2066 1397 2105 ut
1426 2075 1463 2105 v.
1491 2065 1571 2104 936
1603 2055 1812 2106 in·verbis
1842 2061 2014 2117 Tyrtaei
2045 2074 2121 2115 pro
2150 2058 2294 2118 χώρης
2322 2058 2513 2105 εἶ’κουσιν
2544 2075 2598 2107 ex
2627 2064 2694 2105 in·-

287 2140 593 2192 terpretatione.
628 2136 674 2179 ἐν,
716 2133 857 2192 χώρης
894 2132 1083 2179 εἴκουσιν
1114 2136 1335 2189 (sequente
1368 2136 1505 2179 adhuc
1533 2134 1602 2177 τοί
1631 2136 1697 2189 τε)
1728 2138 1870 2177 ortum
1899 2138 1975 2189 est,
2014 2135 2125 2187 quod
2155 2147 2221 2189 ap.
2252 2134 2481 2178 Stobaenm
2509 2136 2688 2191 legitur:

289 2207 450 2253 εἴκουσ’
483 2209 529 2252 ἐκ
559 2205 713 2265 χώρης,
742 2222 823 2262 quo
851 2209 963 2251 facto
993 2209 1121 2251 etiam
1154 2209 1199 2250 οἳ
1228 2224 1273 2250 τε
1309 2221 1385 2262 pro
1415 2207 1484 2250 τοί
1513 2223 1559 2249 τε
1591 2207 1854 2250 scribebatur
1908 2207 1971 2259 (in
2001 2220 2038 2249 v.
2061 2209 2140 2249 648
2173 2201 2306 2261 αὐτὰρ
2339 2203 2537 2264 ἅναιὸαίη
2566 2210 2690 2263 γαῖαν

293 2282 605 2340 ’ἐπιστρέφεται
636 2282 758 2325 metri
789 2282 975 2325 defectus
1003 2295 1053 2339 ex
1083 2283 1340 2335 glossemate
1373 2279 1603 2334 ἐπέρχεται
1633 2284 1752 2323 ortus
1783 2280 2073 2324 additamento
2104 2281 2245 2335 inepto
2276 2281 2467 2336 expletus
2491 2283 2555 2323 est
2578 2281 2691 2335 apud

290 2355 531 2407 stobaeum,
565 2355 637 2398 ubi
665 2357 788 2409 γαῖαν
817 2353 1020 2408 ineque&
1055 2350 1174 2408 ὁμῶς
1201 2354 1383 2407 legitur).
1425 2354 1474 2396 In
1505 2364 1542 2395 v.
1560 2355 1640 2394 845
1669 2352 1832 2396 codices
1858 2341 1907 2393 εὗ
1935 2350 2014 2405 μὲν
2036 2352 2235 2406 κείμενον
2264 2346 2398 2407 ἄνδρα
2428 2353 2586 2396 habent
2613 2365 2689 2407 pro

288 2422 413 2482 ἀνδρὶΥ
440 2421 565 2480 idque
596 2440 671 2481 pro
705 2418 751 2468 εὖ
776 2425 855 2480 μὲν
879 2426 1053 2480 κείμενα
1081 2425 1209 2483 φωτί.
1259 2428 1418 2470 Versus
1455 2428 1531 2467 155
1552 2436 1639 2477 seq.
1671 2425 1833 2468 codices
1867 2424 2124 2479 Theognidei
2157 2426 2214 2468 sic
2243 2426 2465 2469 exhibent:

827 2492 1020 2552 Μήποτε]
1049 2512 1117 2538 τοι
1147 2495 1298 2552 πενίην
1327 2493 1634 2553 θυμοφθόρον
1662 2489 1786 2550 ἀνδρὶ
1815 2495 2034 2549 χολωθεὶς

876 2568 971 2625 μηδ’
1004 2564 1305 2625 ἅχρημοσὺνην
1335 2563 1571 2626 οὐλομένην
1600 2565 1816 2625 πρόφερε.

293 2648 498 2691 Stobaeus
528 2647 604 2689 hoc
637 2646 777 2688 inodo:
1263 2627 1272 2637 s

826 2698 1018 2759 ῙνΙήποτέ
1045 2718 1121 2756 μοι
1151 2701 1302 2758 πενίην
1330 2698 1635 2759 θυμοφθόρον
1664 2695 1787 2756 ἀνδρὶ
1813 2700 2053 2757 χαλεφθείς

883 2773 979 2829 μηδ’
1011 2768 1322 2829 ἀχρημοσύνην,
1350 2770 1506 2828 Κύρνε,
1537 2770 1669 2831 κακὴν
1699 2769 1913 2830 πρόφερε.

294 2853 343 2895 In
374 2852 437 2894 his
466 2850 707 2907 χαλεφθείς
736 2863 877 2894 vocem
908 2854 1131 2905 genuinam
1160 2865 1262 2905 esse,
1293 2851 1512 2905 χολωθείς
1532 2852 1753 2906 glossema,
1768 2862 1852 2894 non
1882 2850 2161 2893 dubitandum
2178 2850 2355 2899 videtur,
2379 2861 2474 2892 cum
2493 2853 2535 2892 et
2559 2849 2691 2902 aptis-

294 2926 448 2968 simum
485 2925 540 2967 sit
588 2918 819 2967 sententiae
856 2923 1095 2981 χαλεφθείς
1133 2919 1375 2979 (‘0ffensus',
1415 2923 1683 2980 ἑρεθισθείς,
1724 2927 1772 2967 ut
1801 2937 1866 2978 ap.
1898 2923 1993 2966 Hes.
2025 2924 2106 2977 leg.
2143 2920 2360 2975 χαλέπτει,
2403 2920 2606 2976 ε’ρεθίζει,
2643 2920 2690 2965 cf.

295 2998 461 3040 Gallim.
481 2997 570 3040 Cer.
594 3009 630 3038 V.
650 2999 703 3038 49
732 2992 789 3052 μή
819 3011 861 3039 τι
889 2996 1092 3054 χαλεφθῇ
1125 2993 1285 3040 πότνια
1301 2994 1523 3053 Δαμάτηρ)
1550 3001 1591 3040 et
1622 2997 1700 3040 hoc
1729 2996 1799 3040 illo
1827 2997 2209 3049 interpretarentur
2226 2994 2357 3047 (Hes.
2373 2989 2689 3049 χαλεψάμενος,

294 3068 540 3122 χολωθείς).
570 3068 806 3119 Χολωθείς
835 3081 906 3111 cur
939 3070 1034 3121 quis
1064 3070 1303 3122 mutaverit,
1335 3081 1418 3112 non
1446 3069 1718 3124 intellegitur.
1749 3070 1838 3113 Iam
1867 3081 1962 3112 cum
1993 3069 2119 3111 etiam
2144 3067 2294 3110 vocula
2312 3082 2395 3120 τοι,
2425 3078 2535 3119 quae
2566 3066 2691 3109 adfir-

298 3142 451 3185 mantis
482 3145 558 3196 est‚
587 3154 668 3183 non
699 3141 974 3192 admonentis,
1005 3142 1044 3184 h.
1063 3143 1092 3184 1.
1124 3141 1222 3185 ferri
1254 3146 1449 3195 nequeat,
1484 3142 1652 3186 Stobaei
1681 3145 1823 3185 autem
1852 3137 2024 3198 μήποτέ
2050 3156 2126 3194 μοι
2159 3140 2289 3193 (quod
2308 3152 2361 3183 ex
2381 3139 2519 3182 animo
2540 3138 2690 3181 adhor-

297 3215 429 3257 tantis
448 3215 530 3266 est)
555 3226 648 3257 cum
671 3210 806 3268 Κύρνε
838 3215 879 3256 in
910 3215 1043 3257 altero
1065 3226 1188 3258 versu
1208 3215 1412 3267 concinat,
1442 3214 1545 3259 haec
1574 3226 1742 3268 quoque
1762 3213 1943 3267 genuina
1962 3224 2052 3256 esse
2069 3213 2275 3265 videntur,
2305 3212 2381 3254 nisi
2404 3212 2516 3264 quod
2531 3205 2689 3264 Κύρνε,

299 3284 430 3342 κακὴν
470 3283 667 3342 πρόφερε
706 3287 907 3341 seriptum
944 3287 999 3329 sit
1026 3299 1102 3341 pro
1129 3284 1278 3341 Κύρν’,
1322 3282 1453 3345 ὀλοὴν
1482 3282 1681 3342 πρόφερε
1712 3279 1831 3339 (Ηθεζ
1865 3279 2005 3338 ὀλοόν,
2035 3280 2197 3337 κακόν),
2244 3284 2354 3326 unde
2382 3287 2425 3327 et
2456 3277 2690 3338 οὐλομένην

300 3360 344 3400 et
372 3360 482 3402 vocis
515 3356 652 3413 Κύρνε·
682 3359 917 3403 obscuratio
943 3360 1242 3412 explicaretur:
1533 3350 1535 3354 Α
