2930 3880
1426 375 1484 421 15

266 504 454 549 membro
481 506 534 548 de
559 504 822 558 paupertatis
851 502 963 544 malo
998 513 1228 545 sermonem
1259 514 1363 546 esse.
1408 503 1648 558 paupertati
1678 506 1820 547 autem
1854 505 2063 548 contraria
2094 509 2157 548 est
2186 506 2441 553 abundantia
2474 511 2499 553 i.
2531 525 2565 556 e.
2593 509 2646 555 τὸ

266 575 361 633 λίην
380 576 449 633 (cf.
465 575 705 629 Eui·.Hipp.
726 587 762 616 v.
780 576 862 616 264
892 569 1012 616 οὕτω
1039 570 1091 616 τὸ
1119 572 1215 615 λίαν
1243 563 1377 629 ἧσσον
1404 571 1572 618 ἐπαινῶ
1599 577 1677 618 τοῦ
1709 574 1842 631 μηδὲν
1869 569 1984 631 ἶίγαν.
2016 577 2169 620 Phoen.
2199 590 2236 620 V.
2269 582 2348 622 584
2376 581 2566 633 μέθετον
2593 581 2647 627 τὸ

271 647 395 704 λίαν).
438 648 650 691 monuisse
678 647 809 700 igitur
837 649 962 700 poeta
992 646 1180 689 videtur:
1212 646 1439 700 inprudens
1468 660 1559 692 esse
1591 648 1892 692 abundantiam
1932 650 2163 700 ostendere,
2200 651 2333 694 multo
2371 656 2512 697 autem
2541 657 2648 709 peri-

266 721 446 764 culosius
478 722 798 773 paupertatem:

796 787 877 846 Μή
910 787 961 833 τὸ
990 789 1084 847 λίην
1113 788 1337 846 ἕπίφαινε·
1368 788 1500 834 κακὸν
1528 791 1576 833 δέ
1602 807 1663 845 τε,
1693 789 1840 847 Κύρν’,
1871 791 2115 851 ἐπιφαίνων

849 860 1042 918 παύρους
1075 858 1312 919 κηδεμόνας
1340 865 1420 919 σῆς
1447 861 1681 920 κακότητος
1711 862 1834 917 ἔχεις.

397 936 446 978 In
478 934 686 978 sententia
714 947 857 978 versus
887 938 963 977 571
987 947 1094 988 seq.:

794 1003 910 1060 Δόξα
937 1006 1017 1061 μὲν
1043 1000 1326 1063 ἀνθρώποισι
1353 1005 1485 1050 κακόν
1512 1008 1631 1064 μέγα,
1668 1011 1801 1063 πεῖρα
1827 1009 1863 1052 δ’
1896 1002 2092 1064 ὄῖριστον·

849 1079 1007 1122 πολλοὶ
1036 1072 1267 1134 ἄπείρητοι
1296 1075 1425 1132 δόξαν
1454 1077 1594 1132 ἔχουσ’
1626 1075 1821 1135 α’γαθῶν.

264 1151 322 1207 (A
350 1152 391 1194 in
420 1152 668 1206 repetitione
697 1152 785 1194 hor.
812 1163 920 1194 vers.
947 1154 1044 1205 post
1072 1164 1110 1193 v.
1146 1154 1251 1193 1104
1278 1145 1460 1206 α’γαθοί)
1494 1153 1634 1194 omnia
1670 1159 1782 1196 recte
1809 1166 1853 1196 se
1884 1154 2041 1197 habent
2070 1158 2239 1209 praeter
2266 1156 2456 1199 ultimam
2492 1169 2648 1210 vocem,

264 1235 373 1277 quae
404 1236 455 1266 ex
484 1224 687 1267 adiectivo
717 1224 770 1265 ad
793 1219 924 1277 δόξαν
950 1224 1189 1276 pertinente
1217 1228 1417 1276 corrupta
1444 1227 1520 1266 est.
1569 1218 1798 1280 α’πείρητοι
1828 1229 1967 1269 autem
1995 1222 2124 1279 δόξαν
2155 1239 2279 1282 saepe
2305 1228 2462 1272 habent
2490 1223 2650 1273 ἄκακον

266 1295 293 1337 i.
322 1280 356 1339 e.
386 1290 543 1351 εὐήθη.
591 1297 651 1339 sic
681 1297 891 1339 sententia
918 1296 1084 1347 integra
1117 1307 1166 1337 ac
1195 1295 1395 1338 rotunda:

793 1373 911 1430 Δόξα
938 1375 1017 1431 μὲν
1044 1371 1331 1432 α’νθρώποισι
1361 1374 1493 1420 κακὸν
1522 1377 1641 1433 μέγα,
1675 1381 1809 1432 πεῖρα
1840 1379 1876 1421 δ’
1910 1373 2104 1434 ἄριστον·

848 1448 1009 1491 πολλοὶ
1037 1446 1268 1504 ἀπείρητοι
1296 1444 1426 1502 δόξαν
1457 1446 1600 1502 ἔχουσ’
1631 1443 1803 1493 ἄκακον.

264 1521 333 1574 (cf.
363 1521 473 1564 Plat.
503 1520 636 1565 Alcib.
666 1522 707 1564 II
734 1535 774 1576 p.
807 1524 906 1564 140:
937 1517 1017 1576 τήν
1045 1515 1292 1578 ἀφροσύνην
1324 1517 1596 1579 διειληφότες
1614 1554 1624 1564 .
1643 1555 1651 1564 .
1669 1520 1776 1574 τούς
1802 1523 1881 1577 μὲν
1909 1523 2116 1566 πλεῖστον
2150 1520 2280 1582 αὐτῆς
2309 1525 2441 1581 μέρος
2471 1525 2648 1582 ἔχοντας

260 1592 546 1647 μαινομένους
573 1593 798 1647 καλοῦμεν,
828 1590 930 1644 τούς
958 1594 994 1636 δ’
1024 1587 1167 1649 ὀλίγον
1198 1591 1377 1636 ἔλαττον
1408 1587 1613 1650 ἠλιθίους
1640 1610 1687 1637 τε
1717 1595 1787 1637 καὶ
1816 1592 2147 1651 ἐμβροντήτους·
2179 1594 2219 1638 οἱ
2251 1597 2298 1640 δὲ
2328 1597 2371 1641 ἒν
2400 1593 2648 1657 εὔφημοτά-

261 1680 355 1716 τοις
378 1659 561 1720 ὀνόμασι
583 1661 843 1720 βουλόμενοι
872 1662 1177 1719 κατονομάζειν
1205 1661 1246 1708 οἱ
1276 1664 1354 1719 μὲν
1381 1662 1722 1721 μεγαλοψύχους,
1756 1664 1796 1710 οἶ
1827 1666 1874 1710 δὲ
1902 1662 2091 1724 εὐήθεις,
2121 1667 2261 1724 ἕτεροι
2290 1670 2337 1713 δὲ
2364 1666 2547 1724 ἀκάκους
2576 1673 2648 1716 καὶ

262 1731 471 1792 ἀπείρους
499 1737 570 1780 καὶ
599 1733 776 1792 ἐνεούς).
833 1738 994 1781 Eadem
1023 1750 1123 1781 voce
1152 1739 1262 1782 alius
1291 1739 1407 1782 locus
1434 1739 1575 1782 sanari
1605 1739 1770 1782 videtur
1801 1741 1873 1793 qui
1902 1743 2013 1784 male
2047 1742 2228 1785 traditus
2259 1743 2380 1786 hodie
2416 1745 2480 1787 vel
2510 1746 2646 1799 magis

262 1822 290 1853 a
318 1810 509 1864 genuinis
535 1813 723 1853 remotus
753 1813 826 1853 est.
883 1810 1051 1864 Fragm.
1081 1822 1119 1852 v.
1154 1813 1260 1852 1167
1283 1822 1370 1863 seq.
1401 1811 1460 1853 sie
1489 1823 1554 1865 ap.
1588 1810 1814 1864 Bergkium
1843 1812 2045 1866 scriptum
2075 1818 2160 1856 est:

790 1894 879 1935 τῶν
909 1886 1090 1950 ἆγαθῶν
1118 1891 1255 1951 ἐσθλὴ
1283 1893 1363 1948 μὲν
1391 1887 1634 1948 ἀπόκρισις,
1665 1892 1803 1937 ἐσθλὰ
1833 1894 1880 1937 δὲ
1907 1892 2027 1951 ἔργα·

845 1967 933 2007 τῶν
963 1964 1010 2008 δὲ
1039 1968 1181 2008 κακῶν
1209 1960 1360 2021 ὅνεμοι
1388 1964 1508 2009 δειλὰ
1535 1966 1745 2023 φέρουσιν
1776 1965 1875 2023 ἔπη.

259 2051 302 2094 in
330 2051 486 2106 quibus
515 2051 645 2093 verba
672 2046 810 2106 ἐσθλὴ
840 2043 1070 2104 ἀπόκρισις
1099 2050 1197 2103 quid
1222 2051 1363 2094 dicant
1392 2063 1474 2093 non
1505 2051 1609 2094 satis
1639 2051 1814 2094 clarum.
1872 2052 2174 2097 Herwerdenus
2204 2051 2437 2108 ὑπόσχεσις
2466 2056 2537 2098 sed
2568 2057 2645 2099 du-

259 2121 444 2166 bitanter
463 2123 650 2166 coniecit.
681 2123 876 2166 nimirum
897 2125 955 2167 sic
981 2123 1235 2167 adiectivum
1263 2119 1401 2179 ἐσθλὴ
1433 2135 1515 2166 non
1542 2123 1645 2167 satis
1675 2127 1821 2177 aptum
1853 2136 1944 2168 esse
1973 2125 2038 2167 vel
2067 2127 2202 2180 magis
2231 2127 2376 2182 elucet,
2407 2123 2644 2180 ὑπόσχεσις

262 2195 402 2248 potius
432 2191 566 2249 πιστή
597 2194 772 2238 dicenda
804 2198 908 2238 erat.
950 2195 1027 2238 hoo
1056 2199 1198 2239 autem
1230 2195 1266 2238 si
1293 2195 1583 2249 receperimus,
1616 2195 1828 2248 responsio
1857 2208 1966 2249 quae
1993 2196 2124 2241 fuisse
2155 2199 2320 2241 videtur
2349 2200 2644 2243 adiectivorum

261 2265 446 2310 evanuit.
485 2266 583 2320 quid
614 2267 769 2320 igitur?
815 2267 984 2311 Codices
1011 2281 1094 2310 non
1124 2267 1278 2312 habent
1307 2265 1455 2324 ἐσθλή.
1499 2269 1610 2323 quod
1631 2267 1834 2321 Bergkius
1867 2281 1918 2311 ne
1947 2269 2165 2314 adnotavit
2194 2272 2379 2324 quidem:
2410 2277 2494 2315 tam
2526 2275 2643 2315 certa

261 2337 483 2381 videbatur
520 2349 612 2381 esse
642 2338 821 2382 Bekkeri
857 2342 1108 2396 coniectura,
1150 2342 1220 2394 qui
1256 2341 1308 2384 ad
1347 2342 1534 2386 codicum
1575 2342 1794 2385 lect-ionem
1831 2335 1975 2398 α’γαθὴ
2010 2343 2249 2396 adscripsit:
2288 2340 2454 2398 ‘repone
2489 2341 2643 2400 ἐσθλή.

262 2409 365 2452 illud
394 2411 503 2452 enim
534 2423 610 2464 per
637 2423 819 2454 errorem
854 2406 1048 2466 irrepsit'.
1107 2413 1390 2457 Festinantius
1421 2414 1497 2456 hoc
1528 2415 1709 2469 quidem,
1747 2418 1794 2456 ut
1832 2414 1933 2456 mihi
1966 2415 2153 2468 videtur3
2195 2428 2375 2468 namque
2412 2429 2535 2470 quam
2572 2417 2642 2459 ille

263 2482 493 2534 quaerebat
522 2483 826 2535 responsionem
850 2484 936 2526 sive
964 2485 1228 2529 iterationem
1256 2487 1555 2529 adiectivorum
1586 2489 1815 2540 vulgarem,
1857 2500 1949 2530 eam
1979 2493 2103 2541 poeta
2141 2488 2223 2530 alia
2257 2501 2366 2530 nunc
2397 2501 2527 2541 eaque
2557 2488 2639 2531 ele-

261 2554 456 2607 gantiore
492 2555 655 2597 ratione
690 2555 920 2599 instituisse
958 2557 1138 2600 videtur.
1193 2560 1386 2602 nimirum
1422 2559 1670 2602 adiectivum
1709 2560 1812 2601 illud
1844 2560 1922 2602 nisi
1952 2559 2175 2602 admodum
2214 2558 2338 2602 fallor
2375 2560 2456 2603 fuit
2483 2553 2641 2611 ἄκακος

259 2626 287 2668 i.
318 2639 352 2669 e.
390 2627 478 2669 sine
518 2626 679 2678 fraude,
719 2627 770 2669 cs.
802 2627 1018 2672 Demosth.
1046 2643 1086 2683 p.
1118 2633 1222 2672 1153
1261 2627 1643 2685 προσποιούμενος
1676 2625 1833 2681 ἄκακος
1869 2624 1975 2672 εἶναι
2008 2627 2247 2686 ἐξηπάτησε
2285 2629 2386 2683 τούς
2426 2629 2639 2686 δικαστάς,

261 2711 301 2752 p.
326 2702 433 2741 1154
463 2694 486 2739 ὖ
522 2697 569 2741 δὲ
601 2698 760 2755 ῥᾳδίως
789 2715 865 2754 μοι
905 2700 974 2743 καὶ
1005 2695 1176 2754 ἀκάκως
1212 2697 1504 2758 ἀποκρίνεται.
1547 2705 1607 2747 sic
1635 2717 1745 2747 nunc
1774 2703 2000 2757 Theognis:
2041 2714 2149 2755 quae
2178 2703 2334 2757 dicunt,
2370 2705 2514 2758 inquit,
2549 2706 2639 2749 sine

258 2769 409 2814 fraude
439 2774 537 2813 sunt
569 2773 671 2814 cet:

793 2845 889 2886 Τῶν
918 2841 1098 2901 ἀγαθῶν
1127 2841 1289 2899 ἄκακος
1316 2847 1394 2902 μὲν
1425 2842 1666 2905 ἀπόκρισις,
1700 2844 1842 2890 ἐσθλὰ
1871 2845 1918 2889 δὲ
1951 2843 2073 2905 ἔργα·

842 2918 930 2958 τῶν
959 2917 1006 2960 δὲ
1033 2921 1176 2961 κακῶν
1203 2913 1351 2975 ἄνεμοι
1382 2918 1502 2963 δειλὰ
1528 2923 1735 2980 φέρουσιν
1766 2922 1865 2980 ἔπη.

260 3004 333 3048 sed
361 3004 555 3049 librarius
586 3007 653 3049 hic
686 3018 862 3060 quoque,
898 3011 945 3050 ut
981 3008 1020 3049 in
1050 3021 1088 3050 v.
1120 3012 1199 3051 572
1228 3010 1279 3053 de
1315 3022 1397 3063 quo
1427 3013 1549 3056 modo
1578 3013 1770 3067 duximus,
1802 3009 1970 3070 ἀγαθὸς
1997 3013 2164 3066 legebat
2192 3014 2303 3064 quod
2333 3024 2441 3054 nunc
2471 3015 2636 3055 mutau-

261 3076 362 3119 dum
390 3082 483 3121 erat
509 3079 552 3120 in
581 3072 737 3134 ἀγαθή,
768 3080 895 3134 idque
926 3080 1117 3124 Bekkero
1146 3083 1186 3124 in
1216 3079 1354 3139 ἐσθλή
1383 3085 1673 3140 corrigendum
1707 3099 1797 3130 esse
1828 3087 1961 3129 visum
1991 3091 2066 3130 est.

394 3149 441 3192 V.
473 3153 554 3193 439
575 3163 659 3204 seq.
689 3151 865 3206 legitur:

791 3232 974 3292 Νὴπιος,
1003 3231 1054 3289 ὃς
1079 3235 1158 3280 τόν
1187 3235 1292 3293 ἐμὸν
1316 3237 1396 3293 μὲν
1425 3237 1514 3293 ἔχει
1543 3237 1645 3284 νόον
1674 3240 1717 3284 ἐν
1745 3242 1996 3299 φυλακῇσιν,

843 3310 930 3351 τῶν
956 3309 993 3351 δ’
1023 3303 1156 3354 αὐτοῦ
1184 3308 1306 3354 ἰδίων
1335 3306 1459 3354 οὐδὲν
1486 3312 1805 3370 ἐπιστρέφεται.

259 3389 334 3432 sed
362 3389 430 3431 vix
459 3390 568 3433 credi
597 3395 749 3445 potest,
784 3393 986 3447 quidquid
1017 3396 1303 3448 praecesserit,
1340 3399 1436 3446 τοῖς
1461 3394 1589 3448 ἰδίοις
1615 3398 1853 3452 oppositum
1882 3397 2010 3441 fuisse
2040 3393 2115 3438 τὸν
2145 3392 2247 3448 ἐμὸν
2279 3390 2389 3437 νόον.
2437 3393 2517 3437 fuit
2544 3394 2635 3437 sine
