2930 3880
1383 376 1408 416 9

329 504 551 549 Difficilius
580 505 646 546 est
672 500 898 545 emendare
917 510 1059 543 vocem
1088 509 1261 553 prorsus
1288 496 1564 551 depravatam
1596 496 1638 539 in
1660 496 1810 540 ultimo
1830 509 1954 540 versu
1980 499 2204 552 fragmenti
2235 513 2272 544 v.
2293 504 2593 546 1305-13IO:

726 591 863 645 Θυμῷ
893 584 1031 644 γνοὺς,
1062 583 1130 630 ὅτι
1160 585 1361 636 παιδείας
1389 581 1667 641 πολυηράτου
1697 578 1838 635 ἶίνθος

781 656 998 717 ιιῗκύτερον
1027 660 1219 713 σταδίου,
1250 661 1381 702 τοῦτο
1411 648 1554 708 συνεὶς
1581 653 1774 710 χάλασον

723 737 902 789 δεσμοῦ,
934 730 993 790 μή
1022 749 1133 775 ποτε
1163 731 1235 775 καὶ
1263 729 1316 775 σύ
1344 728 1530 787 βιήσεαι,
1561 724 1715 784 ὅβριμε
1749 729 1933 779 παίδων,

780 806 1093 860 Κυπρογενοῦς
1121 803 1174 858 δ’,
1188 800 1326 859 ἔργων
1354 797 1570 852 ἀντιάσεις
1596 801 1811 854 χαλεπῶν,

727 876 880 932 ὥσπερ
909 876 990 932 ἐγώ
1022 877 1097 918 νῦν
1127 865 1200 918 ὧδ’
1234 874 1307 917 ε’πὶ
1338 873 1422 917 σοί.
1455 870 1508 917 σύ
1539 872 1586 915 δὲ
1614 874 1749 915 ταῦτα
1779 869 1979 930 φύλαξαι,

780 949 889 1006 μηδέ
919 964 968 992 σε
1001 944 1148 1005 νικήσῃ
1179 945 1387 1001 παιδαϊδη
1416 941 1613 1000 κακότης.

194 1041 288 1084 Hoc
316 1041 485 1094 quidem
515 1037 838 1091 adfirmaverim,
864 1048 946 1080 non
978 1034 1170 1079 sufficere
1199 1034 1300 1086 loco,
1333 1044 1442 1085 quae
1469 1033 1552 1077 hue
1584 1045 1718 1087 usque
1750 1035 1969 1087 proposita
1997 1038 2107 1078 sunt.
2142 1037 2297 1079 etenim
2329 1039 2597 1084 coniecturae·

196 1112 427 1156 Hermanni
462 1107 622 1160 παιδὸς
645 1105 719 1165 ἴση
745 1104 930 1163 κακότης
959 1110 1002 1150 et
1030 1102 1259 1159 Hartungii
1289 1105 1428 1148 παῖδα
1454 1101 1528 1161 ἴση
1556 1102 1753 1162 κακότης,
1800 1111 1848 1150 ut
1877 1109 2092 1160 potuerint
2124 1108 2202 1151 dici
2233 1113 2329 1163 post
2356 1107 2418 1165 μή
2451 1112 2518 1166 (σέ
2546 1129 2591 1167 γε

195 1180 346 1241 νικήσῃ
377 1181 520 1237 ποτέ),
563 1193 645 1224 non
674 1182 874 1234 pot-erant
902 1182 999 1232 post
1027 1176 1136 1233 μηδέ
1164 1191 1214 1219 σε
1244 1173 1405 1233 νικήσῃ.
1437 1177 1483 1219 In
1513 1179 1761 1221 coniecturis
1791 1179 1985 1222 Ahrensii
2015 1180 2136 1222 παῖδ’
2166 1173 2307 1235 ἄϊδρις
2336 1179 2519 1239 κακότης
2549 1189 2594 1227 et

196 1257 367 1311 Bergkii
407 1255 528 1298 παῖδ’
568 1249 682 1311 α’δαῆ
720 1248 904 1307 κακότης
940 1252 1103 1293 alienus
1143 1249 1195 1291 ab
1234 1249 1448 1303 elegantia
1485 1249 1680 1293 dictionis
1713 1251 1978 1294 accusativus
2007 1253 2240 1305 pronomini
2270 1255 2500 1308 adpositus.
2558 1258 2592 1299 si

195 1329 295 1382 quid
324 1328 564 1372 huiusmodi
594 1326 748 1369 addere
776 1324 937 1376 volunt,
966 1322 1159 1365 vocativo
1190 1323 1380 1364 utuntur.
1412 1331 1546 1372 neque
1573 1321 1702 1364 etiam
1727 1321 1991 1365 necessitudo
2022 1324 2242 1366 intercedit
2270 1324 2381 1367 inter
2399 1319 2598 1380 α’ϊὸρείαν

195 1403 283 1444 sive
312 1398 576 1455 ἀδαημονίαν
606 1402 650 1442 et
678 1391 905 1451 κακότητα.
946 1394 1084 1446 Latet,
1116 1393 1160 1435 ni
1189 1392 1328 1445 fallor,
1357 1405 1442 1436 una
1470 1405 1562 1446 vox,
1596 1405 1705 1447 quae
1725 1393 1807 1437 fuit
1832 1394 2082 1437 adieetivum
2104 1397 2216 1439 vocis
2245 1393 2428 1453 κακότης
2454 1399 2596 1442 minus

194 1473 381 1526 vulgare.
412 1484 461 1514 ac
489 1483 572 1513 non
601 1468 801 1513 dissimile
830 1467 916 1510 veri
946 1465 1048 1508 mihi
1072 1465 1253 1517 videtur,
1284 1465 1517 1518 librarium,
1549 1466 1620 1518 qui
1649 1477 1688 1509 v.
1722 1468 1828 1508 1128
1858 1466 2101 1518 δειλαλέους
2131 1483 2177 1510 τε
2206 1465 2369 1522 μυχούς
2394 1483 2470 1523 pro
2498 1471 2593 1513 δαι-

194 1544 349 1588 δαλέου
380 1559 427 1586 τε
459 1542 610 1596 λέχους
637 1545 681 1584 et
710 1541 793 1584 alia
822 1539 974 1583 similia
1002 1538 1180 1592 scripsit,
1211 1537 1290 1581 hoc
1315 1538 1405 1581 loco
1435 1537 1643 1593 παιδαϊδη
1672 1534 1858 1594 κακότης
1886 1551 2083 1583 exarasse
2112 1552 2207 1593 pro:

724 1629 833 1685 μηδέ
861 1644 910 1672 σε
941 1625 1093 1685 νικήσῃ
1125 1627 1375 1683 παιπαλίμη
1406 1623 1600 1680 κακότης.

195 1722 244 1765 ΒΓ,
275 1721 402 1766 schol,
433 1720 556 1762 Hom.
586 1719 663 1762 Od.
698 1720 760 1769 10,
792 1719 843 1759 97
874 1711 1224 1770 παιπαλόεσσαν,
1249 1717 1464 1770 τραχεῖαν.
1515 1711 1646 1757 ἔνθεν
1676 1709 1758 1758 κοῖν
1786 1716 1838 1772 τῇ
1870 1714 2079 1772 συνηθείᾳ
2110 1713 2382 1772 πάιπάλιμον
2411 1719 2594 1774 λέγομεν

193 1787 331 1848 ἄνδρα
357 1788 514 1846 τραχύν
542 1790 614 1832 καὶ
643 1786 704 1846 μή
735 1785 918 1843 ἁπλοῦν,
961 1792 1005 1831 et
1035 1788 1291 1841 Theognost.
1319 1789 1362 1830 in
1391 1787 1531 1832 Cram.
1563 1788 1717 1831 Anecd.
1747 1788 1882 1831 Oxon.
1914 1788 1966 1840 II,
2003 1791 2052 1830 10
2090 1785 2361 1843 παιπάλιμος
2392 1790 2414 1832 ὁ
2443 1792 2590 1835 ποικί-

193 1866 269 1917 λος
298 1865 369 1908 καὶ
398 1859 594 1922 ἐντεχνὴς
618 1861 692 1905 ἐπὶ
722 1861 861 1919 κακίᾳ.
891 1862 986 1905 Non
1016 1861 1172 1906 haereo
1195 1862 1237 1904 in
1259 1861 1397 1905 verbis
1426 1853 1582 1915 ὅβριμε
1612 1860 1796 1913 παίδων,
1826 1860 1977 1914 quibus
2004 1873 2108 1915 puer
2137 1862 2239 1915 prae
2269 1865 2419 1907 ceteris
2449 1866 2590 1909 animo

193 1938 376 1981 violento
406 1934 623 1998 praeditus
652 1933 925 1989 significatur.
959 1958 1006 1965 —
1039 1934 1118 1977 Hic
1145 1934 1261 1977 loeus
1290 1935 1330 1976 in
1362 1933 1607 1977 memoriam
1637 1933 1738 1976 mihi
1772 1937 1894 1977 vocat
1923 1934 2039 1976 aliud
2068 1935 2319 1979 adiectivum
2341 1938 2465 1981 valde
2498 1950 2589 1981 eor-

192 2014 364 2064 ruptum
392 2009 435 2051 in
464 2007 624 2062 elegiae
654 2006 928 2060 Xenophanis
956 2007 1046 2049 loeo
1079 2019 1147 2061 ap.
1177 2006 1442 2050 Athenaeum
1474 2006 1699 2050 admodum
1729 2007 1840 2049 male
1870 2006 1988 2050 nobis
2023 2006 2193 2059 tradito,
2237 2008 2307 2051 ubi
2339 2014 2463 2062 poeta
2492 2023 2586 2054 sua-

193 2085 264 2127 det
293 2082 356 2134 (B.
385 2080 436 2124 fr.
470 2082 505 2133 1,
539 2082 590 2122 17
607 2080 761 2134 seqq.):

886 2168 1029 2211 πίνειν
1057 2164 1230 2211 ὁπόσον
1261 2183 1334 2210 κεν
1365 2165 1477 2221 ἔχων
1503 2162 1685 2224 ἄφίκοιο

775 2237 912 2284 οἴκαδ’
941 2234 1043 2284 ἄνευ
1074 2236 1322 2294 προπόλου,
1351 2237 1409 2296 μὴ
1439 2237 1552 2282 πάνυ
1581 2239 1811 2295 γηραλέος·

717 2309 883 2368 ἀνδρῶν
917 2312 952 2356 δ’
985 2310 1122 2356 αἰνεῖν
1149 2314 1322 2363 τοῦτον,
1357 2307 1408 2363 ὃς
1437 2310 1577 2355 ἐσθλὰ
1607 2308 1724 2354 πιών
1752 2311 1996 2371 ἀναφαίνει,

774 2381 834 2435 ιὺς
865 2381 888 2440 ἡ
917 2380 1179 2440 μνημοσύνη,
1211 2383 1283 2425 καὶ
1311 2380 1387 2425 τὸν
1413 2376 1464 2433 ὃς
1492 2376 1604 2440 ἄμφ’
1635 2377 1805 2439 α’ρετῆς,
2058 2386 2111 2426 20

718 2449 813 2498 οὔτι
842 2452 980 2510 μάχας
1010 2455 1153 2498 διέπει
1189 2451 1381 2512 Τιτήνων
1411 2449 1512 2498 οὐδὲ
1541 2452 1769 2510 Γιγάντων,

771 2523 871 2572 οὐδὲ
897 2544 944 2571 τε
974 2528 1248 2583 Κενταύρων,
1279 2523 1547 2582 πλασματίαν
1578 2527 1820 2583 προτέρων,

716 2596 743 2656 ἢ
770 2599 949 2651 στασίας
977 2596 1201 2657 φενδόνας,
1233 2602 1328 2651 τοῖς
1357 2594 1482 2643 οὐδὲν
1509 2597 1695 2656 χρηστὸν
1722 2597 1903 2642 ἔνεστιν.

776 2673 897 2714 θεῶν
926 2671 974 2714 δὲ
1003 2662 1284 2728 προμηθείην
1313 2670 1404 2714 αἰὲν
1437 2669 1550 2725 ἔχειν
1580 2665 1764 2727 ἀγαθήν.

189 2781 238 2823 In
269 2781 335 2823 his
365 2779 644 2823 emendarunt
673 2771 773 2820 οὐδὲ
801 2774 854 2819 τὰ
883 2773 1150 2832 Κενταύρων
1179 2771 1412 2829 πλάσματα
1437 2777 1525 2818 τῶν
1554 2777 1794 2830 προτέρων,
1826 2774 2005 2826 στασίας
2033 2773 2251 2831 σφεδανάς
2281 2779 2324 2820 et
2349 2774 2438 2820 αἰὲν
2470 2774 2582 2830 ἔχειν

189 2848 370 2908 ἀγαθόν.
426 2851 499 2896 sed
529 2851 737 2906 quomodo
766 2850 844 2893 sibi
873 2850 1172 2905 explicaverint.
1207 2849 1390 2892 editores
1428 2848 1556 2892 verba
1595 2845 1654 2904 μὴ
1700 2844 1813 2889 πάνυ
1853 2846 2059 2903 γηραλέος
2095 2848 2247 2892 nescio.
2304 2849 2414 2900 quod
2454 2849 2581 2902 vulgo

190 2911 361 2968 vertunt
393 2919 490 2967 ‘nisi
519 2923 585 2976 sis¹
608 2922 834 2966 admodum
868 2915 1051 2965 vetulus,³
1086 2920 1426 2964 additamentum
1457 2925 1570 2965 esset
1608 2925 1652 2965 et
1682 2921 1903 2963 obscurum
1939 2922 1984 2963 et
2010 2920 2205 2963 alienum.
2268 2921 2425 2964 Vereor
2453 2933 2505 2963 ne
2538 2920 2581 2963 in

190 3008 291 3041 '⁹⁰00
320 2994 525 3052 γηραλέος
553 2994 664 3038 idem
695 2994 892 3039 acciderit
921 2994 1032 3047 quod
1062 2995 1104 3035 in
1134 3004 1234 3036 voce
1262 2983 1486 3047 γηράσκων
1516 2991 1628 3046 apud
1655 2991 1897 3045 Tyrtaeum,
1929 2990 1982 3033 de
2011 3002 2095 3044 qua
2123 3003 2251 3045 supra
2280 2992 2445 3035 locutus
2474 3003 2577 3034 sum.

189 3068 492 3124 Xenophanem
522 3061 630 3110 enim
657 3067 872 3122 scripsisse
902 3065 1103 3109 arbitror:

722 3152 729 3158 ·
1314 3133 1374 3192 μή
1405 3131 1523 3178 πάνυ
1552 3131 1605 3190 δὴ
1635 3129 1854 3190 σφαλερός

187 3236 287 3282 ‘non
314 3249 488 3292 prorsus
518 3214 602 3280 iam
632 3231 834 3282 titubans³
874 3237 943 3294 (cf.
973 3237 1192 3291 Aristoph.
1223 3235 1350 3289 Vesp.
1381 3218 1421 3277 ν.
1441 3237 1549 3277 1324
1585 3230 1655 3276 ὁδί
1686 3232 1734 3276 δὲ
1762 3232 1816 3289 δὴ
1847 3232 1918 3275 καὶ
1944 3229 2247 3290 σφαλλόμενος
2273 3232 2575 3289 προσέρχεται,

190 3311 379 3365 Xenoph.
414 3310 553 3364 Symp.
585 3311 622 3362 2,
652 3310 706 3351 26
754 3341 764 3352 .
795 3342 805 3351 .
833 3304 887 3365 ἢν
915 3307 994 3364 μὲν
1021 3302 1192 3365 ἀθρόον
1219 3304 1270 3350 τὸ
1301 3304 1441 3350 ποτὸν
1471 3302 1737 3362 ἐγχεώμεθα,
1771 3305 1876 3358 ταχύ
1908 3301 2011 3363 ἡμῖν
2039 3306 2111 3347 καὶ
2141 3302 2192 3347 τὰ
2223 3301 2404 3359 σώματα
2434 3305 2505 3347 καὶ
2533 3303 2575 3348 αὶ

189 3384 354 3439 γνῶμαι
381 3381 681 3439 σφαλοῦνται).
726 3381 793 3425 Sic
821 3382 861 3424 in
892 3380 1042 3436 fragm.
1072 3380 1218 3435 Eurip.
1252 3383 1303 3422 Ν.
1337 3381 1440 3421 356:

2153 3450 2175 3483 2
