2930 3880
1467 396 1494 442 6

817 519 907 579 ἥξω
936 522 971 565 δ’
1005 519 1065 574 ὥς
1091 517 1210 574 οἶνος
1237 522 1515 576 χαριέστατος
1543 520 1669 577 α’νδρὶ
1697 519 1944 576 πεπόσθαι,

875 589 980 638 οὔτε
1009 611 1051 638 τι
1078 592 1157 651 γὰρ
1190 592 1313 652 νήφω
1345 588 1443 637 οὔτε
1474 593 1567 650 λίην
1595 591 1770 648 μεθύω.

280 680 326 722 in
345 679 496 732 quibus
515 679 654 721 ultimi
672 679 756 722 duo
779 691 930 722 versus
959 678 1164 722 laborant.
1198 677 1324 720 Codd.
1346 673 1437 731 ἥξω
1459 676 1495 718 δ’
1524 680 1567 719 et
1594 677 1722 730 δείξω
1754 677 1807 732 δ’,
1837 683 2058 732 praeterea
2087 691 2152 733 ap.
2173 679 2437 723 Athenaeum
2466 680 2509 722 in
2539 680 2674 724 altero

281 764 408 796 versu
436 751 638 804 scriptum
676 753 741 795 est
770 743 869 793 οὔτε
903 766 944 792 τι
980 747 1132 807 νήφων
1161 745 1244 802 εἴμ’
1278 741 1377 790 οὔτε
1407 747 1502 790 λίαν
1531 746 1731 802 μεθύων.
1789 750 2064 794 Coniecerunt
2092 764 2131 795 v.
2161 751 2200 794 d.
2230 749 2327 805 ἔξω,
2362 747 2490 808 λήξω,
2521 752 2677 808 Bergk.

283 821 384 878 ἔξω
414 824 465 876 δ’,
497 819 556 875 ὥς
585 818 703 874 οἶνος
730 822 1008 878 χαριέστατος
1039 816 1164 874 οἷνδρὶ
1187 816 1436 874 πεπόσθαι,
1457 813 1556 862 οὔτε
1586 835 1628 863 τι
1658 817 1808 876 νήφων
1836 815 1944 875 εἶμ’
1977 814 2076 863 οὔτε
2103 822 2197 878 λίην
2216 820 2418 877 μεθύωνε
2446 820 2575 868 ‘foras
2603 824 2673 867 ibo

279 910 417 952 neque
447 896 611 941 sobrius
639 908 812 951 prorsus
841 907 976 948 neque
1006 893 1128 935 nimis
1158 892 1308 943 ebrius,
1347 893 1419 946 qui
1449 894 1536 936 vini
1572 894 1722 937 modus
1761 893 2028 948 gratissimus
2057 887 2146 936 est'.
2201 907 2311 948 quae
2338 897 2580 940 coniectura
2614 897 2675 940 ita

280 970 536 1025 perficienda
569 982 661 1014 esse
695 968 872 1018 videtur,
910 970 959 1008 ut
997 965 1127 1007 verba
1162 960 1220 1014 ὡς
1260 957 1379 1014 οἶνος
1408 963 1687 1018 χαριέστατος
1719 957 1841 1020 ἀνδρὶ
1873 959 2107 1007 πεπόσθαι
2143 975 2226 1007 non
2262 965 2513 1020 interposita
2541 967 2673 1013 fuisse

281 1044 392 1086 inter
421 1039 505 1095 ἔξω
538 1046 582 1085 et
607 1035 697 1095 εἶμι
727 1050 953 1090 sumamus,
987 1036 1060 1080 sed
1088 1037 1337 1091 pependisse
1366 1050 1388 1080 e
1417 1049 1517 1080 voce
1549 1034 1707 1089 ἔξοιδα.
1758 1047 1868 1089 quae
1895 1040 2120 1091 postquam
2149 1041 2349 1091 corrupta
2379 1041 2456 1090 est,
2490 1039 2673 1084 alterum

283 1127 453 1159 versum
484 1114 778 1167 qualicumque
805 1109 928 1153 modo
956 1108 1204 1152 sarciebant.
1246 1107 1328 1152 fuit
1351 1109 1393 1151 ni
1421 1108 1565 1152 fallor:

813 1195 959 1252 ἔξοιδ’,
990 1193 1049 1248 ὥς
1081 1191 1199 1248 οἶνος
1226 1196 1506 1251 χαριέστατος
1534 1192 1656 1252 ἀνδρὶ
1686 1193 1945 1240 πεπόσθαι·

866 1262 954 1311 οὔτ’
987 1262 1071 1324 όὲρα
1099 1265 1252 1327 νήφων
1281 1264 1366 1324 εἶμ’
1398 1262 1498 1312 οὔτε
1532 1269 1627 1326 λίην
1654 1266 1849 1324 μεθύων.

412 1418 532 1461 Nunc
558 1419 602 1459 in
630 1415 862 1460 reficiendis
888 1416 1204 1459 enuntiatorum
1234 1415 1506 1470 compagibus
1535 1427 1722 1468 pergam.
1783 1413 1900 1465 Quae
1930 1414 1973 1457 in
2005 1427 2042 1457 v.
2077 1417 2182 1457 1375
2206 1427 2294 1469 seq.
2324 1417 2543 1469 leguntur:

793 1491 966 1551 Ὄλβιος
994 1495 1114 1550 ὅστις
1140 1495 1298 1550 παιδὸς
1329 1498 1439 1554 ἐρῶν
1469 1493 1546 1541 οὐκ
1578 1493 1670 1541 οἶδε
1700 1494 1941 1550 θάλασσαν,

869 1566 975 1615 ου’δὲ
1004 1568 1046 1614 οὶ
1076 1571 1120 1615 ἐν
1149 1568 1299 1628 πόντῳ
1333 1569 1409 1625 νὺξ
1435 1571 1621 1614 ἐπιοῦσα
1648 1570 1782 1625 μέλει.

278 1669 330 1701 ea
357 1660 433 1701 aut
462 1658 648 1700 caecutio
680 1660 756 1699 aut
785 1656 886 1699 nihil
915 1656 1070 1699 dicunt.
1119 1656 1315 1699 nimirum
1345 1656 1410 1699 hic
1438 1668 1604 1709 quoque
1636 1655 1897 1710 singularum
1917 1655 2103 1709 partium
2131 1668 2239 1711 quae
2268 1657 2365 1699 olim
2394 1660 2518 1702 erant
2545 1659 2672 1702 ratio-

278 1742 353 1774 nes
387 1729 637 1772 immutatae
674 1731 786 1772 sunt.
836 1740 1019 1782 quonam
1060 1730 1203 1772 autem
1241 1730 1322 1772 alio
1361 1733 1486 1783 pacto
1517 1725 1696 1772 ‘felicem
1734 1728 1855 1783 pueri
1894 1723 2140 1772 amatorem‘
2168 1741 2263 1773 cum
2290 1726 2433 1774 ‘maris
2462 1725 2671 1784 periculis'

277 1802 544 1846 coniunctum
573 1801 701 1846 fuisse
728 1802 972 1856 putabimus
999 1801 1081 1845 nisi
1107 1802 1187 1845 hoc
1215 1805 1263 1845 ut
1290 1805 1416 1855 poeta
1444 1802 1624 1846 diceret:
1654 1804 1744 1844 tam
1769 1799 1932 1844 felicem
1957 1813 2049 1845 esse
2078 1803 2150 1855 qui
2177 1815 2355 1857 puerum
2385 1805 2509 1856 amet,
2531 1807 2580 1847 ut
2600 1805 2670 1848 vel

278 1886 444 1918 summa
473 1874 660 1928 pericula
689 1886 773 1918 non
803 1875 948 1918 curet?
1005 1875 1123 1918 Duce
1153 1874 1283 1930 igitur
1317 1874 1396 1918 hac
1426 1875 1636 1918 sententia
1660 1875 1844 1930 corrigo:

796 1950 969 2011 ’Όλβιός
997 1957 1113 2002 ἐστιν
1145 1956 1169 2002 ὁ
1200 1955 1359 2010 παιδός
1391 1957 1519 2013 ἐρῶν·
1551 1953 1629 2001 οὐκ
1659 1953 1790 2013 οἶδμα
1817 1955 2039 2014 θαλάσσης

872 2025 973 2073 οὐδέ
1002 2027 1044 2074 οἱ
1074 2031 1118 2074 ἑν
1148 2028 1298 2088 πόντῳ
1324 2030 1400 2084 νύξ
1427 2030 1612 2074 ἐπιοῦσα
1640 2030 1772 2085 μέλει.

276 2113 425 2170 (verba
453 2109 496 2155 οὶ
522 2112 567 2156 ἐν
596 2110 746 2169 πόντῳ
777 2114 993 2168 eleganter
1021 2116 1140 2159 initio
1170 2116 1344 2160 alterius
1373 2115 1550 2159 membri
1579 2117 1716 2169 posita
1744 2116 1913 2168 utrique
1933 2116 2168 2158 communia
2188 2116 2319 2170 sunt).
2346 2116 2420 2159 sed
2441 2121 2666 2171 postquam

276 2200 353 2241 pro
383 2179 531 2240 ἷίλβιός
559 2185 675 2229 ἐστιν
707 2184 730 2229 o‘
761 2200 901 2231 errore
934 2189 1107 2242 proclivi
1139 2181 1286 2242 ὄλβιος
1313 2185 1432 2238 ὅστις
1460 2189 1661 2242 scriptum
1695 2192 1760 2231 est
1795 2189 1861 2241 (ut
1889 2189 1989 2230 item
2019 2189 2061 2230 in
2091 2199 2129 2230 v.
2160 2190 2235 2229 381
2268 2200 2343 2242 pro
2375 2187 2490 2244 πρὸς
2518 2189 2667 2245 δαίμο-

275 2255 351 2310 νός
380 2258 471 2301 ἐστι
502 2260 545 2302 in
575 2260 662 2302 cod.
693 2259 731 2300 A
760 2256 875 2314 πρὸς
902 2259 1106 2314 δαίμονος
1133 2257 1253 2311 ὅστις
1281 2261 1466 2315 legitur),
1504 2259 1637 2312 facile,
1676 2273 1767 2303 cum
1801 2273 1910 2303 nunc
1940 2259 2113 2301 verbum
2146 2258 2310 2302 finitum
2342 2261 2666 2317 desideraretur,

275 2332 393 2385 prius
421 2331 597 2375 alterius
626 2332 832 2375 enuntiati
859 2333 1093 2376 membrum
1124 2327 1203 2375 οὐκ
1233 2327 1364 2387 οἶδμα
1387 2329 1613 2388 θαλάσσης
1640 2333 1682 2375 in
1709 2326 1787 2373 οὐκ
1815 2326 1907 2374 οἶδε
1937 2329 2170 2374 θάλασσαν
2190 2331 2306 2386 abiit,
2327 2333 2478 2386 quibus
2497 2335 2666 2380 librario

275 2404 446 2457 quidem
475 2402 698 2446 somnianti
727 2404 889 2457 reliqua
918 2406 1020 2448 satis
1042 2406 1258 2450 commode
1286 2418 1377 2449 sese
1407 2406 1636 2459 adiungere
1653 2405 1914 2448 videbantur.
1931 2428 1984 2435 —-
2003 2405 2053 2446 In
2082 2405 2278 2448 carminis
2301 2407 2494 2449 amatorii
2513 2406 2664 2462 fragm.

275 2489 313 2518 v.
348 2478 453 2518 1345
473 2487 602 2529 seqq„
631 2477 742 2530 quod
774 2478 832 2520 Sic
862 2477 1024 2530 incipit:
1064 2478 1345 2535 παιδοφιλεῖν
1377 2478 1424 2521 δέ
1451 2495 1494 2521 τι
1522 2474 1721 2532 τερπνὸν,
1751 2476 1849 2520 ἐπεί
1879 2491 1989 2519 ποτε
2017 2476 2090 2518 καὶ
2118 2472 2396 2532 Γανυμήδους
2424 2471 2556 2534 ἤρατο
2595 2480 2668 2522 καὶ

277 2547 505 2604 Κρονίδης,
531 2541 768 2590 ἀθανάτων
793 2545 1005 2602 βασιλεύς,
1039 2562 1121 2593 non
1149 2551 1270 2593 video
1300 2551 1507 2603 quomodo
1529 2552 1629 2594 ferri
1648 2552 1780 2605 possit
1800 2551 1958 2605 duplex
1977 2549 2059 2605 καί,
2089 2561 2171 2603 quo
2186 2550 2335 2596 Graeci
2365 2552 2406 2594 in
2433 2552 2663 2595 enuntiatis

275 2620 534 2664 correlativis
561 2620 700 2663 solent
728 2621 800 2673 uti,
831 2633 913 2664 non
943 2622 1043 2665 item
1076 2623 1117 2665 in
1146 2623 1307 2666 iisdem.
1338 2624 1628 2678 corrigendum
1657 2623 1840 2666 videtur:
1874 2621 1972 2665 ἐπεί
1999 2637 2111 2666 ποτε
2139 2623 2211 2666 καὶ
2231 2627 2251 2665 1
2260 2620 2505 2680 ἀνυμήδους
2531 2617 2663 2680 ἤρατο

275 2695 383 2750 παῖς
413 2691 628 2748 Κρονίδης
656 2692 869 2748 (Aeschyl.
900 2693 1037 2737 Prom.
1069 2707 1105 2737 v.
1140 2697 1217 2736 577
1250 2685 1290 2752 αἶ
1321 2691 1483 2749 Κρόνιε
1515 2697 1628 2743 παῖ).

407 2765 457 2807 In
487 2764 677 2818 parvula,
710 2765 783 2807 sed
817 2766 999 2820 eleganti
1031 2767 1168 2820 elegia
1199 2779 1238 2809 v.
1273 2769 1354 2808 939
1376 2779 1511 2821 seqq:

810 2833 872 2881 Οὔ
901 2835 1083 2893 δύναμαι
1114 2840 1239 2896 φωνῇ
1271 2837 1348 2893 λίγ’
1379 2834 1575 2893 αἐιδέμεν
1606 2834 1756 2894 ὥσπερ
1783 2833 1948 2895 ἀηδών

862 2911 931 2953 καὶ
961 2907 1042 2966 γάρ
1070 2908 1148 2969 τὴν
1177 2909 1392 2967 προτέρην
1422 2908 1537 2953 νύκτ’
1572 2908 1649 2954 ἐπὶ
1681 2912 1828 2965 κῶμον
1861 2908 1975 2967 ἔβην.

807 2981 905 3025 οὐδὲ
931 2980 1007 3026 τὸν
1036 2978 1230 3039 αὐλητήν
1258 2983 1604 3040 προφασίζομαι·
1634 2976 1744 3025 ἄλλά
1774 2985 1818 3037 μ’
1851 2981 2022 3037 ἑταῖρος

863 3054 1066 3109 ἐκλείπει,
1096 3054 1254 3113 σοφίης
1285 3049 1364 3098 οὐκ
1399 3051 1721 3109 ἐπιδευόμενος.
2607 3111 2610 3116 ¹

274 3129 483 3171 sententia
511 3128 573 3170 ita
601 3127 824 3171 obscurata
853 3131 933 3181 est,
966 3132 1014 3171 ut
1040 3130 1108 3172 vel
1143 3128 1393 3172 coniecerint
1428 3130 1471 3172 in
1499 3141 1623 3171 versu
1654 3129 1802 3172 tertio:
1845 3123 1944 3171 οὐδέ
1981 3129 2026 3182 μ’
2061 3125 2233 3184 ἑταῖρος
2262 3128 2453 3171 ἐκλείπει
2482 3132 2525 3172 et
2552 3123 2661 3170 ἄλλα

276 3214 330 3252 με
361 3202 491 3255 γῆρυς
519 3198 722 3251 ἐκλείπει,
753 3200 911 3257 σοφίης
943 3195 1025 3242 οὐκ
1057 3196 1380 3254 ἑπιδευόμενον,
1411 3213 1520 3254 quae
1549 3212 1721 3255 prorsus
1751 3200 1920 3244 absona.
1978 3199 2150 3254 Singula
2184 3201 2402 3246 enuntiata
2440 3201 2662 3244 rationem-

276 3283 357 3323 que
387 3283 470 3325 qua
502 3273 613 3316 inter
649 3284 694 3316 se
728 3284 838 3315 nexa
867 3284 956 3315 esse
986 3274 1201 3326 potuerint
1229 3273 1509 3317 consideranti
1539 3285 1622 3316 non
1649 3272 1821 3315 dubium
1853 3273 1934 3316 erit
1963 3275 2131 3326 poetam
2161 3273 2335 3316 dixisse:
2379 3284 2462 3316 non
2489 3283 2660 3326 possum

275 3343 390 3386 clara
421 3355 519 3386 voce
549 3356 711 3396 canere,
741 3357 824 3387 non
854 3345 953 3397 quia
981 3349 1145 3388 noctem
1174 3345 1406 3399 proximam
1433 3345 1682 3389 comissatus
1703 3357 1810 3397 sum,
1831 3357 1966 3399 neque
1995 3345 2122 3387 etiam
2152 3344 2361 3387 tibicinem
2393 3355 2554 3393 causor,
2587 3341 2661 3384 sed

277 3414 328 3456 ab
359 3411 513 3470 ἑταίρῳ
543 3417 808 3470 derelinquor
837 3417 1041 3471 sapientia
1074 3428 1156 3459 non
1184 3417 1399 3471 indigente
1431 3418 1473 3471 (i.
1495 3429 1529 3459 e.
1563 3429 1645 3459 non
1676 3417 1940 3459 desiderante
1961 3415 2207 3468 sapientiam
2232 3415 2318 3458 sive
2338 3414 2478 3468 poesin
2506 3424 2653 3463 meam,
