2930 3880
1500 374 1527 413 4

848 487 1042 546 Παὺροις
1070 488 1326 547 ἀνθρώπιον
1357 487 1487 546 ἀρετὴ
1518 491 1588 533 καὶ
1618 488 1773 544 κάλλος
1800 488 1980 549 ὀπηδεῖ·

904 556 1142 619 ὄλβιος-ὃς
1170 560 1338 605 τούτων
1369 558 1631 618 ἀμφοτέρων
1664 561 1802 617 ἔλαχε.

849 631 1009 686 πάντες
1036 651 1111 689 μιν
1138 635 1343 688 τιμῶσιν·
1376 630 1498 686 ὁμῶς
1528 633 1617 676 νέοι
1648 635 1695 677 οἵ
1717 650 1764 678 τε
1795 637 1886 691 κατ’
1917 632 2051 679 αὐτὸν

903 704 1044 763 χώρης
1076 703 1268 748 εἷ’κουσιν
1296 704 1367 746 τοί
1395 720 1442 747 τε
1474 702 1770 761 παλαιότεροι.

847 775 1070 835 γηράσκων
1098 779 1270 820 ἀστοῖσι
1300 777 1574 831 μεταπρέπει
1602 775 1704 820 οὖδέ
1731 795 1797 830 τις
1822 776 1961 822 αὐτὸν

902 847 1111 904 βλάπτειν
1141 843 1229 891 οὔτ’
1265 846 1414 899 αἰδοῦς
1447 842 1547 892 οὕτε
1577 849 1699 906 δίκης
1729 848 1891 893 ἐθέλει.

317 924 516 968 adhibitis
558 925 742 967 maxime
776 923 946 976 Tyrtaei
985 921 1173 964 versibus
1216 923 1278 973 12,
1311 924 1488 972 35—42‚
1533 921 1575 964 in
1619 922 1772 975 quibus
1812 921 1892 974 ille,
1935 925 2158 975 postquam
2189 922 2352 966 felicem
2382 923 2463 965 viri
2493 925 2535 967 in
2570 936 2714 977 pugna

317 1008 393 1050 pro
422 997 562 1051 patria
591 995 747 1039 mortui
774 994 1057 1038 condicionem
1089 993 1363 1047 praedicavit,
1394 994 1455 1036 ita
1484 993 1646 1048 pergit:
2131 1048 2136 1053 q

847 1064 885 1108 εἰ
917 1065 964 1109 δὲ
993 1061 1107 1123 φύγῃ
1139 1064 1218 1120 μὲν
1256 1067 1365 1122 κῆρα
1393 1065 1642 1122 τανηλεγέος
1671 1062 1899 1116 θανάτοιο7
2191 1069 2242 1107 35

904 1134 1082 1194 νικήσας
1110 1137 1145 1180 δ’
1180 1134 1335 1194 αἰχμῆς
1364 1130 1528 1193 α’γλαὸν
1558 1127 1683 1190 εὖχος
1712 1134 1799 1194 ἕλῃ,

847 1207 1008 1261 πάντες
1035 1227 1110 1265 μιν
1136 1211 1327 1264 τιμῶσιν,
1349 1209 1467 1264 ὁμῶς
1498 1208 1588 1252 νέοι
1621 1203 1697 1265 ἠδὲ
1726 1208 1919 1261 παλαιοί,

903 1279 1047 1326 πολλὰ
1075 1281 1123 1325 δὲ
1151 1281 1321 1336 τερπνά
1351 1278 1521 1332 παθών
1548 1278 1719 1335 ἔρχεται
1749 1277 1813 1331 εἷς
1835 1275 1995 1335 Ἀΐδην.

847 1352 1072 1412 γηράσκων
1100 1350 1275 1398 ἀστοῖσι
1307 1353 1579 1408 μεταπρέπει
1613 1348 1714 1395 σι’-δέ
1742 1369 1808 1404 τις
1840 1347 1971 1394 αὐτὸν

902 1425 1112 1483 βλάπτειν
1143 1420 1233 1469 οὔτ’
1264 1424 1414 1476 αἰδοῦς
1444 1419 1543 1468 οὔτε
1575 1425 1695 1482 δίκης
1724 1424 1881 1478 ἐθέλει,
2187 1429 2241 1469 40

848 1499 1010 1552 πάντες
1037 1501 1073 1543 δ’
1109 1500 1153 1543 ἐν
1182 1497 1399 1542 θώκοισιν
1428 1497 1548 1552 ὁμῶς
1579 1498 1667 1541 νέοι
1698 1499 1744 1540 οἵ
1769 1514 1816 1541 τε
1843 1498 1933 1541 κατ’
1966 1493 2097 1541 αὐτὸν

907 1570 1067 1617 εἷ’κουσ’
1100 1572 1146 1615 ἐκ
1173 1568 1315 1631 χώρης
1345 1571 1391 1613 οἳ
1417 1587 1463 1613 τε
1494 1567 1790 1625 παλαιότεροι.

318 1651 366 1694 In
398 1650 477 1694 hoc
516 1650 606 1693 loco
646 1650 924 1703 interpolator
959 1648 1141 1702 primum
1180 1657 1257 1700 pro
1289 1635 1361 1696 eis,
1405 1656 1515 1698 quae
1545 1657 1572 1687 a
1601 1644 1783 1698 Tyrtaeo
1813 1644 1867 1687 de
1898 1644 1988 1688 viro
2016 1644 2128 1699 forti,
2172 1646 2244 1698 qui
2275 1646 2396 1691 vivus
2429 1652 2471 1691 et
2503 1650 2637 1692 victor
2664 1663 2716 1693 ex

240 1740 247 1742 -
318 1736 462 1779 pugna
489 1722 628 1776 rediit,
659 1723 772 1766 dicta
799 1724 911 1773 sunt,
948 1720 1145 1773 quoniam
1178 1730 1231 1761 ne
1261 1718 1421 1761 iustum
1450 1716 1618 1770 quidem
1649 1715 1727 1758 sibi
1754 1715 1918 1758 initium
1949 1715 2219 1769 praebebant,
2259 1716 2388 1760 aliam
2420 1718 2472 1761 de
2504 1731 2604 1762 rara
2634 1719 2717 1763 for-

321 1796 516 1841 titudinis
546 1808 641 1840 cum
666 1794 948 1849 pulcritudine
979 1791 1269 1836 coniunctione
1297 1790 1549 1834 sententiam
1580 1789 1752 1832 aliunde
1783 1792 1999 1845 sumptam
2025 1789 2283 1842 praeposuit.
2336 1789 2420 1832 iam
2449 1790 2515 1834 his
2546 1791 2716 1845 Tyrtaei

322 1869 527 1924 apodosin
562 1866 806 1918 ἀσυνὸἑτως
839 1864 1044 1916 adiunxit,
1094 1865 1168 1908 sed
1198 1857 1294 1907 cum
1325 1862 1463 1906 verbis
1502 1855 1662 1911 πάντες
1691 1858 1765 1918 μιν
1798 1860 1979 1914 τιμῶσιν
2015 1857 2135 1913 ὁμῶς
2164 1892 2172 1903 .
2205 1891 2215 1901 .
2247 1870 2298 1902 ea
2327 1871 2437 1912 quae
2467 1860 2581 1915 apud
2613 1861 2717 1916 Tyr·

318 1945 463 1986 taeum
490 1943 590 1995 post
618 1941 799 1984 alterum
820 1936 940 1994 ὁμῶς
970 1940 1204 1991 sequuntur
1233 1936 1373 1989 verba,
1405 1935 1484 1979 etsi
1513 1934 1571 1978 sic
1597 1934 1749 1977 iterum
1777 1933 2010 1987 asyndeton
2038 1932 2218 1976 orationi
2246 1931 2465 1984 inferebat,
2495 1933 2717 1989 copulavit,

318 2016 368 2058 ut
397 2013 567 2068 scilicet,
611 2013 780 2056 evitatis
816 2011 957 2054 verbis
992 2007 1135 2053 πολλὰ
1170 2009 1218 2052 δὲ
1255 2004 1422 2063 τερπνὰ
1459 2003 1625 2049 παθών
1664 2003 1834 2061 ’ἔρχεται
1871 2002 1935 2055 εἷς
1971 1999 2118 2060 Ἀΐδην
2153 2001 2270 2049 ‘forti
2302 2009 2346 2049 et
2376 2000 2538 2059 pulcro'
2578 2007 2717 2051 minus

318 2085 445 2140 aptis,
489 2084 699 2128 sententia
729 2084 876 2126 eadem
905 2086 1042 2125 totum
1082 2080 1289 2125 distichon
1327 2079 1525 2133 expleret.
1583 2078 1707 2122 Nunc
1746 2079 1789 2120 in
1827 2077 2018 2121 ordinem
2047 2078 2273 2121 verborum
2314 2089 2513 2122 reversus
2542 2079 2716 2123 tertium

322 2157 528 2202 distichon
559 2157 733 2208 addidit,
778 2159 874 2210 post
902 2156 1014 2208 quod
1043 2167 1125 2197 non
1153 2156 1323 2207 poterat
1351 2165 1435 2196 non
1467 2153 1663 2196 omittere
1694 2151 1928 2203 sequentia,
1970 2150 2198 2193 maximam
2238 2153 2404 2204 partem
2449 2151 2605 2195 scilicet
2634 2151 2716 2196 iam

319 2232 444 2272 antea
475 2227 676 2272 adhibita.
720 2251 770 2256 -
811 2227 1009 2271 Ceterum
1038 2226 1143 2268 haec
1179 2229 1378 2277 excerpta
1417 2226 1517 2267 sunt
1556 2236 1608 2266 ex
1638 2223 1809 2279 Tyrtaei
1839 2222 1986 2277 elegia,
2032 2225 2258 2277 postquam
2292 2222 2408 2267 locus
2446 2223 2516 2267 ille
2545 2223 2628 2266 iam
2657 2223 2718 2266 ita

319 2302 546 2354 corruptus
577 2303 681 2352 erat,
716 2303 764 2342 ut
793 2311 904 2342 nunc
934 2299 1047 2353 apud
1079 2298 1309 2340 Stobaeum
1337 2297 1518 2350 scriptus
1551 2299 1628 2339 est.
1687 2308 1783 2339 nam
1817 2295 1891 2339 illa
1920 2296 2024 2350 ipsa,
2061 2308 2171 2350 quae
2195 2296 2251 2338 ibi
2280 2297 2492 2351 leguntur,
2531 2297 2644 2341 male
2673 2309 2719 2341 se

320 2373 499 2417 habent:
553 2385 636 2415 non
678 2377 791 2416 recte
825 2373 1059 2427 procedunt
1102 2370 1231 2414 verba
1266 2374 1362 2424 post
1399 2382 1437 2411 v.
1464 2371 1530 2421 38,
1573 2371 1616 2412 et
1644 2369 1753 2412 mira
1786 2373 1850 2412 est
1877 2369 2009 2413 trium
2044 2371 2234 2411 aetatum
2267 2368 2479 2412 distinctio
2509 2369 2551 2411 in
2580 2368 2718 2413 verbis

319 2445 405 2487 νέοι
448 2445 495 2487 οἵ
527 2461 574 2487 τε
607 2446 698 2486 κατ’
736 2438 866 2486 αὐτὸν
899 2444 945 2486 οἳ
980 2459 1026 2486 τε
1067 2439 1363 2497 παλαιότεροι.
1424 2441 1541 2492 Quae
1582 2439 1771 2494 quaestio
1810 2434 1995 2482 nondum
2032 2439 2231 2492 expedita
2268 2452 2295 2482 a
2332 2439 2431 2483 viris
2460 2439 2594 2483 doctis
2623 2452 2717 2483 cum

319 2516 523 2568 longioris
554 2516 611 2558 sit
640 2515 948 2568 disputationis,
980 2516 1124 2568 paucis
1154 2514 1340 2557 indicare
1367 2514 1502 2564 liceat,
1539 2509 1648 2566 quae
1677 2513 1768 2566 ipse
1799 2511 2006 2567 Tyrtaeus
2032 2510 2133 2553 mihi
2163 2511 2359 2555 videatur
2389 2512 2626 2566 scripsisse:

850 2585 889 2630 εἰ
918 2586 965 2630 δὲ
995 2583 1108 2645 φύγῃ
1139 2585 1218 2641 μὲν
1247 2587 1360 2642 κῆρα
1388 2584 1640 2641 τανηλεγέος
1664 2579 1893 2637 θανάτοιο,

908 2657 1082 2718 νικήσας
1108 2659 1144 2702 δ’
1175 2657 1330 2715 αἰχμῆς
1358 2653 1517 2714 ἀγλαὸν
1546 2647 1672 2710 εὖχος
1699 2653 1786 2713 ἕλῃ,

851 2729 1011 2783 πάντες
1039 2749 1113 2787 μιν
1141 2733 1327 2786 τιμῶσιν
1356 2732 1476 2784 ὁμῶς
1502 2729 1592 2773 νέοι
1622 2723 1701 2785 ἠδὲ
1729 2726 1920 2778 παλαιοί,

905 2802 1049 2849 πολλὰ
1079 2805 1125 2848 δὲ
1152 2802 1319 2859 τερπνά
1351 2800 1516 2846 παθών
1548 2799 1719 2858 ἔρχεται
1747 2797 1810 2850 εἰς
1836 2793 1996 2854 Ἀΐδην.

851 2871 875 2938 ἦ
904 2877 981 2935 γὰρ
1011 2875 1092 2922 ἰών
1121 2872 1296 2921 ἀστοῖσι
1324 2875 1601 2932 μεταπρέπει
1629 2869 1730 2917 οὐδέ
1757 2888 1823 2924 τις
1851 2865 1984 2914 αὐτὸν

903 2949 1115 3005 βλάπτειν
1145 2950 1233 2994 οὔτ’
1262 2946 1413 2999 αἰδοῦς
1445 2942 1546 2991 οὕτε
1576 2947 1697 3002 δίκης
1727 2943 1889 2999 ἐθέλει,

849 3019 1010 3073 πάντες
1039 3023 1074 3065 δ’
1105 3021 1150 3065 ἐν
1179 3017 1394 3064 θώκοισιν
1423 3016 1544 3077 ὁμῶς
1574 3014 1616 3060 οἱ
1645 3015 1716 3060 τοί
1744 3031 1790 3058 τε
1822 3015 1913 3057 κατ’
1942 3011 2073 3056 αὐτὸν

904 3091 1045 3151 χώρης
1076 3090 1266 3138 εἴκουσιν
1295 3093 1365 3136 τοί
1393 3108 1439 3135 τε
1469 3087 1769 3143 παλαιότεροι.

324 3175 383 3218 Ut
399 3176 441 3218 in
459 3176 509 3218 fr.
527 3174 666 3218 Solon.
682 3175 799 3225 XIII,
816 3176 867 3215 32
899 3168 1118 3229 ἡγεμόνων
1145 3173 1348 3228 scriptum
1379 3176 1446 3218 est
1473 3187 1549 3228 pro
1579 3170 1607 3230 ἢ
1631 3173 1752 3229 γένος
1780 3163 1853 3224 ὦν,
1885 3172 1946 3216 sic
1962 3171 2001 3213 h.
2020 3171 2046 3213 l.
2074 3166 2299 3225 γηράσκων
2322 3171 2529 3215 coaluisse
2551 3171 2717 3215 videtur

322 3260 374 3291 ex
407 3238 435 3302 ἧ
463 3244 541 3302 γὰρ
572 3243 651 3291 ἰών
681 3248 784 3301 (sive
811 3247 944 3298 malis,
975 3250 1147 3301 propter
1177 3246 1383 3299 syllabam
1411 3246 1593 3305 finalem,
1635 3237 1665 3301 ἧ
1696 3248 1749 3302 ῥα
1775 3235 1913 3300 κιών),
1951 3243 2149 3296 ‘namque
2179 3244 2279 3286 dum
2307 3243 2487 3294 incedit',
2518 3249 2561 3287 et
2589 3244 2717 3287 trium

324 3323 512 3363 aetatum
545 3320 866 3372 distinctionem,
896 3331 1006 3372 quae
1025 3332 1121 3363 cum
1142 3331 1243 3363 voce
1271 3315 1497 3375 γηράσκων
1514 3319 1731 3364 concinere
1750 3316 1986 3368 videbatur,
2015 3326 2098 3357 non
2126 3315 2206 3358 nisi
2232 3327 2281 3358 eo
2308 3318 2445 3358 ortam
2474 3327 2566 3360 esse
2594 3317 2716 3370 puta-

327 3392 457 3433 verim
510 3394 621 3445 quod
652 3388 774 3447 ὃμιῦς
799 3391 886 3434 νέοι
917 3391 963 3433 οἵ
987 3407 1034 3433 τε
1066 3395 1108 3436 et
1139 3387 1260 3445 ὁμῶς
1287 3388 1374 3434 ἴσοι
1407 3391 1454 3434 οἵ
1480 3407 1526 3434 τε
1557 3391 1760 3444 script-um
1792 3391 1858 3433 est
1886 3399 1964 3442 pro
1992 3383 2115 3441 ὁμῶς
2144 3382 2185 3428 οἱ
2218 3385 2289 3429 τοί
2315 3402 2374 3429 τε.
2439 3386 2520 3429 Tm?
2547 3401 2593 3428 τε
2623 3386 2713 3428 κατ’
