2930 3880
1487 339 1511 377 6

309 468 414 498 στον
454 450 601 506 ἔχουσι
640 451 739 507 βίον
779 453 949 508 plurimi
992 456 1108 499 codd.
1138 455 1321 511 Theogn.
1359 457 1499 510 inepte
1534 456 1743 500 πλεῖστον
1786 457 1935 513 ἔχουσι
1979 458 2082 504 νόον
2109 461 2320 516 exhibent,
2350 466 2491 506 ortum
2518 464 2602 508 scil.
2632 478 2684 509 ex

312 521 461 577 ἔχουσι
490 523 632 578 (βί)ον.
694 524 742 567 In
774 536 814 567 v.
849 527 951 568 1221
988 537 1095 579 seq.:

841 595 993 642 Πολλὰ
1022 598 1171 655 φέρειν
1199 596 1337 641 εἴωθε
1368 595 1495 653 λόγος
1523 602 1727 656 θνητοῖσι
1755 605 1958 657 βροτοῖσι

897 670 1147 724 πταίσματα
1174 673 1251 727 τῆς
1279 666 1460 725 γνώμης,
1491 667 1649 725 Κύρνε,
1677 675 2011 732 ταρασσομένης.

307 753 452 785 vocem
480 738 609 798 λόγος
636 754 719 786 non
748 744 972 798 genuinam
1001 755 1091 787 esse
1120 743 1312 786 arbitror.
1368 744 1762 798 sententialegitur
1789 746 1831 788 in
1861 746 2030 792 Stobaei
2054 749 2178 792 titulo
2205 750 2310 806 περὶ
2338 751 2511 805 δειλίας,
2542 753 2584 795 in
2615 765 2700 806 qua

224 814 232 823 “
305 826 391 858 non
419 815 499 859 nisi
530 816 582 859 de
611 816 774 869 ignavis
799 816 1042 868 timidisque
1070 826 1206 858 sermo
1235 818 1311 858 est.
1364 827 1500 858 nonne
1530 814 1595 856 hic
1624 826 1791 868 quoque
1820 820 1916 868 post
1946 818 2132 861 litteram
2165 820 2206 862 Θ
2233 821 2345 864 vocis
2383 817 2522 865 εἴωθε
2554 823 2699 868 similis

306 887 452 931 littera
497 891 540 930 Φ
582 888 746 940 excidit,
793 900 879 942 qua
921 888 1007 930 scil.
1047 899 1201 929 novum
1236 887 1484 930 vocabulum
1527 882 1670 942 φόβος
1697 888 1949 943 incipiebat?
2004 889 2241 935 Verisimile
2267 892 2368 935 mihi
2398 894 2567 939 videtur
2597 896 2700 940 scri-

305 960 488 1005 bendum
518 973 630 1005 esse:

834 1028 988 1074 Πολλὰ
1015 1030 1166 1088 φέρειν
1194 1026 1333 1073 εἴωθε
1363 1027 1506 1086 φόβος
1534 1034 1738 1087 θνητοῖσι
1766 1033 1969 1086 βροτοῖσι

888 1103 1139 1158 πταίσματα
1166 1105 1242 1160 τῆς
1269 1100 1452 1160 γνώμης,
1482 1101 1638 1159 Κύρνε,
1668 1103 2002 1160 ταρασσομένης.

301 1177 380 1236 τὴν
406 1175 575 1235 γνώμην
609 1174 726 1234 αὐτῷ
755 1179 818 1233 τῷ
847 1173 975 1234 φόβῳ
1003 1176 1326 1232 ταρασσομένην
1353 1178 1463 1229 dicit,
1495 1178 1647 1230 quibus
1677 1177 1814 1221 verbis
1844 1189 2016 1220 causam
2036 1178 2269 1223 Sententiae
2292 1179 2423 1223 addit.
2482 1180 2623 1224 Etiam
2653 1181 2695 1224 in

303 1265 343 1295 v.
375 1254 494 1303 1274,
532 1251 643 1304 quod
673 1250 803 1294 codex
831 1250 985 1293 habet:

1390 1321 1435 1364 ἐκ
1465 1322 1513 1364 δὲ
1542 1321 1744 1364 θυελλιῦν

890 1387 974 1454 ἧκά
1008 1397 1044 1452 γ’
1075 1395 1354 1452 ἑνωρμίσθην
1385 1391 1538 1445 νυκτὸς
1565 1393 1845 1450 ἐπειγομένης

305 1473 398 1525 (pro
418 1482 501 1525 quo
521 1468 788 1523 Hartungius
809 1466 872 1520 εἷς
899 1468 1033 1524 λιμέν’
1061 1465 1302 1524 ώρμίσθην,
1337 1469 1489 1523 Bergk.
1507 1464 1641 1510 oluo'ed’
1676 1466 1964 1523 ἑνωρμίσθην,
1998 1468 2212 1511 Herwerd.
2242 1468 2485 1512 adcuratius
2516 1457 2583 1524 ἦκ’
2613 1465 2695 1524 ἐγώ

300 1537 532 1596 ιῦρμίσθην
560 1539 844 1594 coniecerunt)
875 1540 1175 1593 interpolatum
1207 1552 1297 1583 esse
1321 1540 1489 1582 videtur
1521 1543 1744 1592 postquam
1785 1541 1915 1583 semel
1957 1541 2139 1595 scriptae
2183 1545 2283 1584 sunt
2318 1552 2427 1593 quae
2468 1536 2687 1584 iterandae

303 1618 425 1657 erant
453 1613 622 1657 litterae
650 1627 727 1655 na:

1359 1684 1406 1726 ἐκ
1436 1683 1484 1726 δὲ
1513 1684 1713 1727 θυελλῶν

884 1750 964 1816 ἧκα
989 1758 1315 1813 καθωρμίσθην
1343 1753 1494 1808 νυκτὸς
1521 1755 1812 1812 ἐπειγομένης.

429 1908 480 1950 In
508 1906 643 1961 elegia
673 1917 712 1948 v.
743 1907 976 1957 237-402,
1016 1915 1126 1957 quae
1157 1915 1210 1946 ex
1238 1915 1334 1947 mea
1361 1903 1569 1947 sententia
1604 1905 1649 1946 et
1679 1903 1862 1958 genuina
1890 1906 1955 1946 est
1986 1906 2029 1946 et
2070 1903 2280 1954 continua,
2326 1901 2475 1947 vitium
2506 1903 2614 1946 inest
2651 1903 2695 1946 in

297 1980 436 2024 verbis
466 1981 521 2033 (v.
546 1978 665 2034 251):

1292 2045 1399 2091 ἀλλὰ
1428 2047 1476 2091 σὲ
1510 2048 1682 2103 πέμψει

882 2119 1018 2179 ἀγλαοὶ
1054 2118 1279 2165 Μουσάων
1311 2121 1430 2176 διῦρα
1459 2118 1742 2178 ἰοστεφάνων.

828 2198 938 2239 πᾶσι
967 2192 1045 2251 γὰρ
1075 2189 1165 2238 οἶσι
1194 2193 1356 2250 μέμηλε
1382 2193 1454 2235 καὶ
1484 2192 1780 2247 ἐσσομένοισιν
1808 2188 1934 2251 ἀοιδὴ

883 2265 990 2325 ἔσσῃ
1017 2264 1150 2322 ὁμῶς,
1180 2260 1282 2323 ὄφρ’
1310 2262 1362 2308 ι’ὶν
1390 2257 1416 2323 ᾗ
1444 2268 1496 2322 γῆ
1523 2282 1571 2308 τε
1603 2266 1672 2308 καὶ
1701 2260 1856 2322 η’έλιος.

296 2354 434 2396 neque
467 2342 578 2385 enim
606 2345 731 2396 poeta
761 2342 879 2393 dixit,
921 2341 1032 2394 quod
1062 2339 1246 2393 Bergkio
1273 2351 1349 2392 per
1377 2339 1692 2393 brachylogiam
1724 2339 1876 2382 dixisse
1902 2339 2143 2382 videbatur:
2188 2340 2334 2392 πᾶσιν,
2378 2330 2469 2384 οἶσι
2499 2337 2688 2394 μέμηλεν

295 2409 438 2471 ἀοιδή,
469 2412 575 2472 ἔσσῃ
604 2408 744 2470 ἀοιδή.
793 2413 865 2457 sed
895 2413 1129 2456 subiectum
1160 2411 1274 2455 verbi
1304 2410 1465 2467 μέμηλε
1496 2410 1670 2455 fuerunt
1699 2409 1925 2454 Μουσάων
1955 2412 2094 2466 διῦραε
2134 2411 2428 2466 corrigendum
2457 2411 2567 2454 πᾶσι
2594 2410 2686 2467 γὰρ,

297 2481 369 2538 οἷς
394 2485 448 2529 τὰ
474 2486 649 2542 μέμηλε,
678 2487 765 2530 sive
795 2499 888 2530 cum
918 2488 970 2526 A
996 2486 1106 2527 πᾶσι
1135 2481 1230 2535 διὸς
1256 2484 1432 2527 habeat:

1356 2550 1462 2598 ἀλλὰ
1492 2556 1541 2599 σὲ
1569 2556 1740 2611 πέμψει

880 2627 1013 2685 ἀγλαὰ
1046 2626 1273 2672 Μουσάων
1302 2629 1421 2683 δῶρα
1449 2624 1732 2685 ἰοστεφάνων.

828 2706 938 2747 πᾶσι
966 2704 1017 2757 δ’,
1045 2700 1169 2754 ὅσοις
1197 2699 1249 2744 τὰ
1274 2701 1449 2757 μέμηλε,
1478 2701 1549 2743 καὶ
1573 2700 1868 2755 ἐσσομένοισιν
1896 2696 2021 2758 ἀοιδὴ

880 2773 986 2833 ἔσσῃ
1016 2772 1136 2830 ὁμῶς
1161 2791 1198 2817 κ.
1229 2789 1265 2817 τ.
1293 2774 1330 2818 λ.

293 2862 404 2904 quae
433 2861 517 2894 non
547 2852 674 2905 egent
703 2848 981 2902 explicatione
1018 2850 1212 2891 contorta
1256 2846 1325 2900 (cf.
1353 2846 1521 2890 Hesiod.
1552 2859 1619 2901 op.
1653 2860 1692 2890 v.
1726 2848 1824 2888 531:
1867 2846 1938 2889 καὶ
1976 2848 2109 2890 πᾶσιν
2139 2847 2201 2890 ἑνὶ
2229 2850 2361 2905 φρεσὶ
2388 2853 2519 2896 τοῦτο
2548 2852 2687 2910 μέμη-

293 2922 380 2978 λεν,
410 2922 555 2966 Mimn.
590 2925 625 2973 1,
656 2925 679 2964 2
709 2920 927 2977 τεθναίην,
958 2917 1032 2963 ὅτε
1062 2935 1139 2975 μοι
1166 2919 1318 2976 μηκέτι
1345 2920 1480 2961 ταῦτα
1506 2919 1643 2974 μέλοι,
1677 2923 1721 2963 et
1756 2918 1928 2963 Homer.
1956 2918 2033 2962 Od.
2064 2923 2104 2973 8,
2139 2923 2239 2964 580:
2270 2918 2346 2965 τὸν
2383 2922 2431 2967 δὲ
2466 2924 2570 2968 θεοὶ
2605 2925 2686 2981 μὲν

290 2997 459 3049 τεῦξαν,
511 2990 815 3038 ἐπεκλώσαντο
859 2994 896 3037 δ’
940 2987 1130 3048 ὄλεθρον
1172 2987 1453 3047 ἀνθρώποις,
1493 2992 1563 3034 ἵνα
1609 2983 1681 3050 ᾗσι
1727 2990 1797 3033 καὶ
1849 2989 2148 3045 ἐσσομένοισιν
2195 2986 2356 3051 ἀοιδή).
2431 2996 2573 3040 Etiam
2626 2998 2669 3041 in

294 3079 331 3110 v.
367 3069 472 3109 1183
504 3078 608 3119 seq.:

822 3138 939 3188 Νοῦς
962 3131 1133 3192 α’γαθὸν
1161 3136 1233 3179 καὶ
1263 3136 1450 3192 γλῶσσα,
1482 3134 1535 3180 τά
1564 3138 1601 3180 τ’
1631 3137 1676 3180 ἐν
1703 3133 1910 3191 παύροισι
1937 3137 2130 3193 πέφυκεν

878 3203 1093 3263 ἀνδράσιν,
1124 3206 1172 3252 οἳ
1195 3204 1362 3250 τούτων
1390 3202 1654 3265 οἷμφοτέρων
1679 3208 1840 3264 ταμίαι.

294 3281 582 3334 corrigendum
619 3284 695 3324 aut
721 3283 820 3332 νοῦς
847 3275 1019 3336 ἆγαθὸν
1049 3282 1120 3323 καὶ
1147 3281 1332 3336 γλῶσσα,
1373 3277 1424 3323 τὸ
1453 3281 1490 3324 δ’
1521 3282 1565 3326 ἐν
1594 3277 1801 3336 παύροισι
1830 3281 2024 3338 πέφυκεν
2053 3298 2089 3325 κ.
2118 3297 2154 3325 τ.
2185 3283 2222 3326 λ.
2251 3289 2327 3327 aut
2378 3287 2490 3339 quod
2517 3286 2604 3330 veri
2633 3286 2687 3330 si-

293 3351 433 3395 milius
459 3356 634 3406 propter
662 3354 828 3398 litteras
854 3354 1054 3397 traditas:
