2930 3880
1418 349 1470 389 15

385 472 497 517 Satis
527 473 706 517 obseura
735 474 802 514 est
827 469 971 514 variae
998 469 1186 512 lectionis
1212 469 1328 523 origo
1363 469 1404 512 in
1433 481 1472 512 v.
1506 471 1612 511 1119
1642 478 1780 520 seqq.:

767 546 914 609 ’Ήβης
941 552 1100 608 μέτρον
1132 551 1285 607 ἔχοιμι,
1321 552 1448 610 φιλοῖ
1475 551 1522 594 δέ
1549 566 1603 605 με
1637 552 1803 604 Φοῖβος
1830 544 2060 592 Ἀπόλλων

837 624 1062 681 Λητοίδης
1090 623 1161 667 καὶ
1188 621 1309 675 Ζευς,
1343 619 1582 668 ἀθανάτων
1609 618 1826 677 βασιλεύς,

782 689 899 754 ὄφρα
927 695 1025 750 βίον
1055 692 1208 752 ζώοιμι
1240 698 1384 739 κακῶν
1414 694 1628 740 ἔκτοσθεν
1655 691 1877 750 ἁπάντων,

839 767 922 827 ἥβῃ
952 770 1022 813 καὶ
1051 767 1230 826 πλούτῳ
1260 766 1407 824 θυμὸν
1437 766 1694 823 ἶαινόμενος.

256 858 317 902 sic
343 856 436 900 libri
463 854 613 908 reliqui
642 866 787 898 omnes
815 852 994 897 habent:
1026 847 1144 912 ὄφρα
1171 854 1269 907 βίον
1299 849 1464 908 ζώοιμι,
1497 853 1611 896 solus
1641 855 1694 894 A
1720 845 1838 908 ἷίφρα
1867 849 1964 908 δίκῃ
1998 847 2165 906 ζιιόιμι.
2227 851 2316 895 Hoc
2346 851 2524 896 fortasse
2552 852 2639 897 Sive

253 941 304 974 ex
331 925 418 971 αἷεὶ
446 929 585 970 ortum
616 926 702 970 sive
731 926 783 969 de
812 937 912 969 voce
938 920 1087 981 ἀσινὴς
1115 926 1324 978 reliquum
1354 929 1397 968 et
1423 923 1521 978 βίον
1550 924 1811 980 adscrIptum
1841 927 1924 967 est:

782 990 890 1055 ὄφρ’
923 992 1079 1054 α’σινὴς
1109 996 1260 1053 ζώοιμι
1293 998 1436 1039 κακῶν
1464 993 1679 1039 ἔκτοσθεν
1707 991 1916 1038 ἁπάντων
1945 1011 1982 1038 κ.
2011 1010 2048 1038 τ.
2078 995 2114 1037 λ,

255 1072 324 1126 (cf.
353 1071 605 1116 sententiam
636 1069 811 1114 similem
842 1071 884 1113 in
914 1083 951 1112 v.
985 1073 1090 1112 1153
1135 1066 1202 1126 εἴη
1243 1085 1320 1124 μοι
1364 1068 1625 1111 πλουτεῦντι
1652 1070 1793 1110 κακῶν
1821 1062 2049 1122 ἀπάτερθε
2079 1066 2321 1122 μεριμνέων
2352 1062 2476 1120 ζώειν
2513 1061 2644 1120 ἀβλα-

238 1143 368 1199 ,βέως
395 1141 528 1200 μηδὲν
559 1140 699 1196 ἔχοντι
728 1139 891 1194 κακόν).

387 1286 691 1340 Fragmentum
718 1284 1024 1339 paenultimum
1053 1289 1109 1336 (v.
1146 1286 1247 1326 1381
1280 1285 1436 1338 seqq.):

775 1361 1045 1423 ’Ἀνθρωποί
1074 1368 1112 1411 σ”
1142 1366 1321 1411 ἐδόκουν
1345 1371 1507 1426 χρυσῆς
1534 1366 1653 1424 παρὰ
1681 1370 1823 1423 δῶρον
1854 1366 2005 1422 ἔχοντα

842 1440 993 1483 ἐλθεῖν
1027 1443 1335 1497 Κυπρογενοῦς
1365 1442 1506 1498 δῶρον
1536 1438 1800 1499 ἰοστεφάνου

783 1513 942 1569 γίνεται
975 1508 1280 1568 ἀνθρώποισιν
1310 1511 1422 1567 ἔχειν
1451 1510 1760 1567 χαλεπώτανον
1789 1508 1941 1568 ὄχθος,

880 1581 931 1644 ἢν
959 1583 1017 1643 μὴ
1048 1583 1336 1642 Κυπρογενὴς
1367 1586 1431 1643 δῷ
1461 1585 1582 1632 λύσιν
1612 1587 1658 1631 ἐκ
1686 1587 1899 1641 χαλεπῶν.

255 1673 315 1716 sic
343 1684 454 1715 nunc
483 1682 628 1715 omnes
656 1670 897 1715 Bekkerum
928 1673 1061 1716 secuti
1090 1674 1133 1715 in
1163 1659 1267 1715 dues
1295 1676 1439 1728 partes
1466 1673 1747 1726 distinguunt:

783 1749 1022 1811 ἄνθρωποί
1047 1757 1084 1800 σ’
1115 1753 1294 1800 ἐδόκουν
1324 1758 1483 1814 χρυσῆς
1514 1753 1634 1812 παρὰ
1663 1755 1806 1810 δῶρον
1835 1752 1989 1808 ἔχοντα

841 1827 992 1871 ἐλθεῖν
1022 1830 1344 1884 Κυπρογενοῦς.
1829 1833 1832 1835 ’
1878 1827 1880 1830 ’

1317 1901 1629 1956 Κυπρογενοῦς
1659 1900 1802 1953 δῶρον
1831 1895 2091 1957 ἶοστεφάνου

790 1972 949 2028 γίνεται
978 1967 1285 2029 ἀνθρώποισιν
1314 1970 1427 2027 ἔχειν
1455 1968 1764 2027 χαλεπώτατον
1793 1966 1947 2026 ὄχθος,

848 2041 900 2103 ἢν
927 2043 986 2102 μὴ
1020 2043 1308 2103 Κυπρογενὴς
1336 2046 1399 2103 δῷ
1428 2042 1549 2103 λύσιν
1578 2046 1623 2090 ἐκ
1653 2045 1866 2100 χαλεπῶν.

258 2142 340 2185 quo
367 2130 470 2184 quid
498 2128 742 2183 proficiatur
769 2142 852 2173 non
881 2129 1068 2185 dispicio.
1126 2143 1261 2184 neque
1291 2131 1399 2174 enim
1427 2133 1738 2187 Κυπρογενοῦς
1767 2131 1910 2186 δῶρον
1942 2127 2055 2184 ἔχειν
2093 2130 2221 2184 (quae
2250 2128 2378 2172 verba
2406 2138 2488 2170 non
2516 2122 2646 2169 ‘amo-

258 2196 362 2246 rem'
391 2201 645 2257 significant)
672 2196 932 2257 ἀνθρώποις
958 2199 1268 2256 χαλεπώτατον
1296 2196 1436 2256 ἄχθος
1467 2203 1662 2260 γίγνεται,
1705 2215 1841 2257 neque
1869 2206 1966 2257 post
1995 2203 2306 2258 Κυπρογενοῦς
2342 2200 2487 2255 paucis
2518 2200 2647 2242 inter-

256 2275 408 2329 positis
437 2270 722 2333 Κυπρογενής
748 2276 1017 2330 sequebatur.
1074 2277 1132 2319 Et
1161 2273 1446 2332 Κυπρογενής
1473 2277 1641 2330 quidem
1670 2277 1750 2320 hoc
1779 2277 1846 2320 vel
1875 2276 1998 2319 simili
2026 2275 2149 2320 modo
2179 2278 2322 2319 ortum
2350 2274 2531 2317 videtur:

995 2346 1297 2394 Κυπρογενὴς

842 2391 892 2450 ἢν
920 2392 979 2451 μὴ
997 2390 1108 2451 αὐτὴ
1138 2395 1304 2450 δαίμων
1335 2395 1397 2451 δῷ
1429 2390 1550 2438 λύσιν
1579 2395 1625 2437 ἐκ
1653 2395 1867 2448 χαλεπῶν.

259 2479 570 2534 Κυπρογενοῦς
598 2477 741 2533 δῶρον
760 2475 1022 2536 ἰοστεφάνου
1053 2486 1195 2524 autem
1226 2480 1455 2523 oscitanter
1484 2490 1565 2522 non
1593 2480 1670 2522 nisi
1702 2492 1753 2522 ex
1772 2480 1974 2523 memoria
1995 2492 2033 2521 v.
2051 2481 2158 2522 1304
2185 2472 2351 2533 (οὐκέτι
2379 2471 2509 2532 δηρὸν
2539 2472 2650 2527 ἕξεις

260 2550 575 2604 Κυπρογενοῦς
599 2549 742 2604 δῶρον
769 2545 1054 2608 ἰοστεφάνου)
1085 2552 1139 2595 ab
1168 2551 1314 2593 eodem
1343 2550 1516 2593 librario
1543 2551 1680 2605 (cuius
1710 2551 1977 2605 neglegentia
2006 2550 2093 2594 scil.
2126 2563 2222 2595 cum
2250 2561 2447 2594 versuum
2476 2557 2648 2590 numero

201 2631 203 2635 ’
262 2621 550 2676 adcrescebat)
581 2622 785 2675 scriptum
816 2635 907 2666 esse
936 2623 1115 2676 videtur,
1159 2624 1231 2677 qui
1269 2622 1310 2665 in
1351 2636 1388 2666 v.
1425 2625 1529 2665 1332
1570 2618 1616 2665 εἷ’
1649 2638 1760 2666 ποτε
1800 2623 1872 2666 καὶ
1910 2620 1966 2666 σύ
2012 2622 2123 2677 ἕξεις
2159 2622 2469 2678 Κυπρογενοῦς
2507 2619 2649 2674 δῶρον

262 2687 525 2750 ἰοστεφάνου
552 2691 737 2749 χρηΐζων
763 2693 834 2736 καὶ
863 2693 930 2737 ἐπ’
962 2687 1092 2737 ἄλλον
1129 2690 1317 2737 ἐλεύσεαι
1355 2698 1529 2750 propter
1570 2707 1738 2738 versum
1779 2695 2100 2749 praecedentem
2149 2697 2254 2737 1304
2301 2693 2468 2747 scripsit
2503 2702 2579 2745 pro
2609 2685 2650 2733 εἷ

261 2780 372 2808 ποτε
402 2764 472 2808 καὶ
503 2761 555 2808 σύ
586 2762 684 2823 ἑξῆς
698 2769 1007 2822 Κυπρογενοῦς
1039 2764 1164 2823 ἔργον
1193 2762 1454 2824 ἰοστεφάνου
1486 2765 1670 2822 χρηΐζων
1698 2767 1775 2809 τιν’
1807 2766 1875 2809 ἐπ’
1911 2760 2042 2810 ἄλλον
2070 2763 2263 2810 ἐλεύσεαι
2299 2767 2356 2820 (v.
2385 2765 2605 2809 comment.
2616 2762 2650 2815 Ι,

263 2836 307 2880 in
333 2848 416 2890 qua
448 2837 558 2880 male
587 2837 737 2891 reliqui
766 2841 1077 2894 Κυπρογενοῦς
1104 2839 1258 2892 δῶρον,
1289 2839 1400 2892 quod
1431 2840 1474 2883 et
1503 2840 1640 2892 ipsum
1665 2852 1743 2893 pro
1775 2836 1901 2894 ἔργον
1930 2840 2131 2894 scriptum
2164 2841 2240 2891 est,
2272 2838 2322 2882 cf.
2352 2851 2390 2881 v.
2425 2839 2531 2879 1308
2558 2838 2651 2877 Κυ-

264 2911 503 2963 προγενοῦς
531 2909 568 2952 δ’
601 2907 739 2965 ἔργων
766 2903 980 2962 ἀντιάσεις
1005 2911 1221 2964 χαλεπῶν,
1248 2910 1416 2955 Hesiod.
1450 2923 1516 2965 op.
1546 2925 1584 2955 v.
1612 2914 1687 2954 521
1717 2908 1791 2968 ἤτε
1820 2908 1969 2966 δόμων
1999 2909 2190 2954 ἔντοσθε
2221 2910 2326 2969 φίλῃ
2355 2907 2473 2964 παρὰ
2497 2906 2647 2964 μητέρι
2702 2935 2707 2941 -

267 2978 426 3035 μίμνει,
456 2973 582 3023 οῦπω
615 2977 700 3037 ἔργ’
728 2978 868 3024 εἰδυῖα
895 2978 1171 3036 πολυχρύσου
1192 2977 1481 3039 Ἀφροδίτης).
1510 2982 1567 3026 Et
1595 2983 1639 3026 in
1663 2986 1806 3026 nostro
1836 2979 2003 3036 quidem
2032 2984 2122 3027 loco
2152 2983 2274 3037 longe
2302 2981 2416 3025 aliud
2445 2979 2648 3033 scriptum

265 3051 394 3096 fuisse
422 3053 599 3105 videtur,
633 3064 715 3106 quo
745 3066 854 3108 quae
881 3055 1139 3109 praecedunt
1167 3067 1259 3098 cum
1291 3055 1560 3107 sequentibus
1589 3068 1748 3099 conexa
1778 3059 1910 3108 erant,
1941 3056 1983 3099 in
2011 3055 2121 3100 hanc
2149 3055 2236 3099 fere
2265 3042 2533 3098 sententiam:

779 3135 1049 3198 ’Ἄνθρωποι
1078 3143 1116 3185 σ’
1148 3139 1326 3185 ἐδόκουν
1353 3145 1511 3200 χρυσῆς
1543 3142 1662 3198 παρὰ
1692 3144 1835 3200 δῶρον
1866 3141 2019 3198 ἔχοντα

845 3213 995 3257 ἐλθεῖν
1024 3216 1350 3270 Κυπρογενοῦς
1387 3212 1531 3271 [τῆσδε
1564 3213 1612 3256 δέ
1640 3229 1709 3256 τοι
1740 3210 1864 3269 ζυγὸν
1893 3207 1966 3269 ι’ίρ]

746 3332 755 3339 ,
798 3285 954 3340 γίνεται
989 3280 1298 3342 ἀνθρώποισιν
1327 3281 1444 3339 ὀχεῖν
1472 3282 1779 3339 χαλεπώτατον
1807 3278 1959 3340 ὄχθος,

850 3355 891 3401 εἰ
919 3354 981 3413 μή
1012 3355 1118 3413 αὐτῆ
1150 3357 1317 3412 δαίμων
1344 3357 1407 3414 δῷ
1433 3354 1553 3401 λύσιν
1580 3356 1627 3400 ἐκ
1654 3357 1868 3410 χαλεπῶν.
