2930 3880
1446 360 1507 406 10

285 486 327 528 in
355 485 508 540 quibus
537 485 590 529 de
618 486 756 529 ultimi
786 498 931 530 versus
961 487 1140 530 lectione
1159 487 1387 540 quaeritur,
1408 487 1559 539 longae
1585 487 1920 531 coniecturarum
1951 488 2033 532 huc
2065 501 2196 541 usque
2223 490 2534 543 propositarum
2554 493 2676 534 seriei

285 569 422 600 meam
451 557 604 601 addam
632 559 998 612 qualemcumque:

815 625 922 673 ου’δὲ
949 646 1026 685 μοι
1053 627 1227 686 ἡμίονοι
1255 625 1417 686 κύφων’
1449 626 1647 671 ἕλκουσιν
1675 623 1861 686 α’ρότρου

870 705 947 760 τῆς
974 696 1068 746 α’πὸ
1097 704 1173 758 γῆς
1197 702 1355 756 κτητῆς
1384 700 1527 742 εἵνεκα
1555 701 1780 757 ναυτιλίης.

286 774 333 816 In
363 786 400 817 v.
432 777 513 817 993
531 786 668 828 seqq:
1701 808 1704 811 Α

813 845 862 888 Εἰ
891 845 1028 901 θείης,
1051 840 1286 899 Ἀκάδημε,
1318 842 1528 899 ἐφίμερον
1560 839 1694 897 ῧμνον
1723 842 1896 898 ἀείδειν,

866 910 1008 960 ἆθλον
1037 917 1074 958 δ’
1105 915 1149 958 ἐν
1181 914 1329 972 μέσσῳ
1358 918 1466 970 παῖς
1493 913 1624 958 καλὸν
1652 908 1792 966 ὄνθος
1823 913 1934 969 ἔχων

811 989 884 1033 σοι’
910 990 947 1031 τ’
981 986 1047 1044 εἴη
1078 987 1150 1030 καὶ
1181 987 1278 1042 ἐμοὶ
1302 987 1462 1045 σοφίης
1491 988 1594 1043 πέρι
1622 986 1906 1044 δηρισάντοιν,

865 1061 1007 1117 γνοίης
1035 1062 1072 1114 χ’
1104 1057 1237 1103 ὅσσον
1265 1053 1380 1102 ὄνων
1408 1060 1638 1116 κρέσσονες
1671 1057 1859 1116 ἡμίονοι.

283 1139 403 1182 codd.
431 1138 617 1191 Theogn.
650 1134 689 1178 εὶ
719 1134 847 1190 θείης
876 1128 1103 1189 Ἀκάδημε,
1134 1146 1200 1187 ap.
1231 1133 1384 1176 Athen.
1416 1129 1464 1175 εἴ
1486 1133 1521 1174 τ’
1554 1129 1677 1189 εἷἠσα
1705 1130 1841 1190 καλήν
1870 1132 1959 1188 μέν,
2001 1135 2212 1189 Bergkius
2242 1136 2501 1180 Academum
2534 1139 2578 1180 in
2605 1137 2680 1181 Sa·

280 1210 432 1254 cadam
460 1211 661 1253 mutavit:
690 1204 778 1250 εἴθ’
813 1203 894 1263 εἴη,
922 1203 1104 1261 Σακάδη,
1130 1206 1222 1260 μετ’
1256 1205 1466 1262 ἐφίμερον
1493 1203 1627 1260 ὕμνον
1655 1200 1815 1248 ἀείδειν
1845 1207 1907 1259 (in
1932 1206 1997 1250 his
2027 1202 2115 1249 εἴθ’
2149 1203 2216 1264 εἴη
2236 1220 2320 1251 non
2347 1212 2494 1262 aptum
2515 1211 2680 1252 senten·

283 1283 383 1335 tiae,
425 1287 467 1325 et
502 1283 595 1336 μετ’
636 1279 845 1337 ἐφίμερον
882 1275 1015 1334 ὕμνον
1046 1275 1211 1322 ἀείδειν
1246 1292 1328 1322 non
1365 1281 1470 1323 satis
1501 1281 1716 1334 eleganter
1746 1279 1937 1336 dictum).
1995 1281 2153 1324 Fateor
2179 1294 2246 1324 me
2276 1283 2444 1336 utrique
2474 1282 2678 1334 diffidere,

282 1358 326 1397 et
353 1353 540 1398 Sacadae
566 1356 609 1395 et
636 1351 862 1402 Acadcmo,
890 1365 986 1396 cum
1016 1352 1116 1394 mihi
1147 1365 1200 1394 ex
1230 1352 1534 1395 sententiarum
1564 1354 1816 1397 necessitate
1841 1353 2009 1407 prodire
2039 1353 2255 1396 videatur:

811 1420 851 1466 εἲ
880 1423 984 1480 θείη
1013 1440 1079 1475 τις
1108 1421 1289 1479 ἅμιλλαν
1319 1440 1355 1467 κ.
1384 1439 1421 1467 τ.
1451 1424 1486 1467 λ.

282 1499 340 1542 Et
368 1500 408 1540 in
438 1511 476 1541 v.
514 1500 590 1540 193
613 1510 746 1553 seqq.:

810 1567 939 1622 αὐτός
969 1587 1038 1614 τοι
1066 1568 1224 1627 ταύτην
1255 1569 1383 1624 εἰδώς
1411 1569 1679 1627 κακόπατριν
1709 1572 1863 1616 ἐοῦσαν

866 1641 928 1694 εἰς
960 1639 1107 1694 οἴκους
1135 1637 1294 1699 ἷὶγεται,
1322 1641 1511 1701 χρήμασι
1539 1641 1822 1699 πειθόμενος,

811 1709 992 1769 εὔδοξος
1019 1713 1268 1771 κακόδοξον,
1302 1717 1401 1760 ἐπεὶ
1429 1714 1613 1774 κρατερή
1641 1734 1715 1772 μιν
1742 1712 1903 1773 α’νάγκη

866 1785 1014 1842 ἑντύει,
1046 1786 1074 1842 ἦ
1101 1790 1138 1831 τ’
1169 1784 1329 1844 ἀνδρὸς
1358 1786 1549 1849 τλήμονα
1577 1792 1690 1846 θῆκε
1720 1787 1833 1833 νόον.

278 1862 472 1915 (Geelius
502 1852 649 1918 οὗτος)
677 1864 748 1906 ubi
776 1863 984 1917 Bergkius
1016 1863 1264 1916 pronomina
1294 1864 1376 1906 duo
1406 1877 1431 1906 a
1457 1864 1695 1907 breviatore
1726 1877 1802 1918 pro
1831 1865 1993 1908 duobus
2027 1866 2264 1908 nominibus
2293 1865 2472 1918 propriis
2501 1865 2554 1907 ab
2586 1865 2676 1918 ipso

281 1935 523 1989 Theognide
551 1936 698 1990 positis
727 1935 858 1991 (quod
888 1936 1071 1980 alienum
1103 1937 1155 1979 ab
1187 1937 1266 1979 hoc
1294 1937 1437 1991 poeta)
1468 1938 1655 1980 immissa
1687 1949 1779 1980 esse
1806 1937 2045 1990 suspicatus
2066 1940 2142 1991 est,
2170 1937 2270 1980 mihi
2291 1940 2415 1990 poeta
2435 1936 2539 1979 nihil
2559 1936 2676 1978 aliud

279 2009 499 2062 scripsisse
531 2009 699 2052 videtur
727 2020 875 2061 quam:

810 2075 942 2131 ἀστός
969 2095 1037 2123 τοι
1064 2078 1250 2136 γαμετὴν
1280 2078 1406 2132 εἰδώς
1435 2078 1703 2136 κακόπατριν
1732 2081 1886 2125 ἐοῦσαν

866 2149 930 2202 εἷς
954 2147 1102 2203 οἴκους
1131 2146 1276 2208 ἄγεται
1304 2169 1342 2195 κ.
1373 2170 1409 2195 τ.
1440 2154 1477 2195 λ.

282 2222 494 2278 (Similiter
524 2224 568 2266 in
596 2236 633 2265 v.
669 2227 746 2266 187
777 2218 879 2266 οῦδὲ
907 2222 1007 2280 γυνὴ
1037 2226 1079 2266 in
1109 2219 1288 2281 οὕδεμίη
1314 2231 1358 2270 et
1386 2220 1566 2280 οὐδεμία
1593 2227 1725 2279 abiit).
1783 2227 1988 2270 Incertior
2016 2227 2059 2268 in
2092 2224 2141 2268 fr·
2174 2238 2212 2269 v,
2251 2226 2329 2267 105
2352 2234 2494 2276 seqq.:

811 2294 992 2347 Δειλούς
1021 2288 1074 2339 εὖ
1106 2296 1274 2352 ἕρδοντι
1302 2294 1568 2354 ματαιοτάτη
1595 2295 1716 2353 χάρις
1747 2297 1881 2340 ἐστίν·

865 2363 964 2412 ἶσον
992 2369 1062 2411 καὶ
1088 2370 1285 2425 σπείρειν
1311 2367 1477 2412 πόντον
1507 2367 1612 2422 ἆλός
1640 2371 1815 2426 πολιῆς·

812 2435 911 2484 οὔτε
941 2439 1019 2497 γὰρ
1053 2439 1105 2484 ἂν
1136 2439 1299 2484 πόντον
1327 2442 1523 2496 σπείρων
1553 2441 1672 2496 βαθύ
1702 2440 1824 2499 λήϊον
1852 2437 1985 2498 ἆμῷς,

868 2507 973 2556 οὔτε
1003 2512 1159 2565 κακοὺς
1185 2507 1233 2557 εὖ
1261 2516 1376 2569 δρῶν
1403 2506 1451 2557 εὖ
1482 2512 1613 2558 πάλιν
1645 2508 1914 2568 ἀντιλάβοις·

811 2580 1035 2643 ἄπληστον
1061 2585 1139 2643 γὰρ
1167 2585 1312 2641 ἔχουσι
1344 2588 1469 2630 κακοὶ
1499 2584 1618 2631 νόον’
1653 2583 1701 2643 ἢν
1729 2587 1765 2630 δ’
1800 2585 1847 2630 ἓν
1875 2583 2081 2644 ἁμάρτῃς,

867 2662 955 2701 τῶν
985 2657 1188 2715 πρόσθεν
1218 2656 1395 2702 πάντων
1423 2660 1640 2713 ἐκκέχυται
1670 2656 1862 2717 φιλότης.

814 2729 855 2774 οἳ
884 2733 920 2775 δ’
952 2728 1115 2789 ἀγαθοὶ
1141 2731 1192 2775 τὸ
1220 2733 1422 2789 μέγιστον
1452 2732 1760 2788 ἐπαυρίσκουσι
1788 2728 2025 2784 παθόντες,

867 2809 1012 2862 μνῆμα
1040 2806 1075 2848 δ’
1110 2804 1252 2859 ἔχουσ’
1283 2800 1464 2861 ἀγαθῶν
1491 2806 1562 2848 καὶ
1590 2803 1711 2860 χάριν
1740 2804 1944 2858 ἐξοπίσω.

283 2878 452 2931 septimi
473 2890 616 2921 versus
640 2878 888 2921 emendatio.
918 2892 1149 2933 proponam
1179 2880 1291 2932 quod
1319 2881 1552 2923 sententiae
1581 2880 1686 2922 satis
1715 2881 1862 2933 aptum
1888 2877 2099 2921 videatur:
2132 2873 2173 2919 οἱ
2195 2876 2231 2918 δ’
2254 2875 2416 2931 ἀγαθοὶ
2438 2875 2492 2918 τὰ
2510 2876 2672 2931 μέγιστ’

282 2942 667 3006 οἷποφλαυρίζουσι
696 2948 932 3002 παθόντες.
989 2953 1039 2994 In
1069 2965 1108 2995 v.
1139 2954 1218 2992 765
1237 2963 1376 3005 seqq:

812 3013 886 3066 ὧδ’
919 3020 985 3079 εἴη
1016 3040 1088 3066 κεν
1118 3017 1315 3078 ἷὶμεινον·
1347 3019 1575 3084 ὁμόφρονα
1605 3018 1750 3076 θυμὸν
1781 3018 1956 3074 ἔχοντας

867 3092 999 3153 νόσφι
1029 3092 1277 3150 μεριμνάων
1309 3090 1590 3152 εὐφροσύναις
1622 3089 1781 3148 διάγειν

812 3167 1119 3223 τερπομένους,
1148 3168 1279 3224 τηλοῦ
1308 3183 1355 3210 τε
1387 3165 1519 3219 κακὰς
1549 3162 1639 3209 ἀπὸ
1669 3167 1798 3222 κῆρας
1827 3159 1988 3219 ἀμῦναι

867 3237 998 3296 γῆράς
1025 3240 1060 3282 τ’
1092 3234 1328 3295 οὐλόμενον
1360 3241 1431 3282 καὶ
1461 3237 1676 3283 θανάτοιο
1701 3238 1846 3288 τέλος..

289 3313 440 3355 ultima
471 3314 611 3366 verba,
641 3325 750 3367 quae
779 3312 831 3354 ad
861 3313 960 3356 deos
990 3314 1201 3367 pertinere
1230 3314 1436 3363 videntur,
1468 3320 1555 3356 tam
1585 3313 1724 3367 inepte
1757 3311 1929 3363 reliquis
1964 3310 2163 3354 adiuncta
2202 3315 2313 3364 sunt,
2346 3317 2395 3354 ut
2423 3309 2676 3355 coniecerint

285 3388 365 3426 aut
397 3385 519 3437 plura
553 3385 806 3427 intercidisse
837 3388 934 3437 post
961 3383 1257 3438 τερπομένους
1283 3388 1359 3427 aut
1388 3388 1521 3427 totum
1549 3385 1627 3427 hoc
1654 3382 1860 3426 distichon
1888 3395 2029 3426 errore
2060 3395 2111 3426 ex
2143 3385 2224 3426 alio
2255 3385 2344 3427 loco
2376 3383 2457 3425 huc
2489 3381 2677 3424 delatum
