2930 3880
1471 345 1519 384 12

832 457 936 503 ὅταν
963 476 1157 518 περασῃς
1185 463 1368 517 ῥεῖθρον
1397 458 1592 518 ἠπείρων
1621 459 1737 519 ὅρον,

831 529 945 588 πρὸς
975 527 1157 585 ἀντολὰς
1185 534 1423 591 φλογῶπας
1454 531 1720 590 ἡλιοστιβεῖς

825 674 990 720 πόντου
1023 681 1205 732 περῶσα
1227 679 1454 734 φλοῖσβον,
1486 675 1533 729 ἔς
1559 679 1596 720 τ’
1629 675 1682 721 ἂν
1710 679 1827 736 ἐξίκῃ
1857 694 1894 722 κ.
1924 694 1961 722 τ.
1988 679 2026 722 λ.

294 749 352 793 Et
390 750 632 794 Hermanno
683 750 850 803 quidem
896 752 1079 805 primum
1131 750 1351 793 videbatur
1389 746 1554 792 πόντου
1601 753 1784 805 περῶσα
1824 751 2039 807 φλοῖσβον
2074 751 2148 795 ‘de
2191 753 2296 795 mari
2338 752 2485 806 Caspio
2496 766 2503 778 ³
2530 752 2688 795 dictum

301 835 410 875 esse,
439 835 572 878 eoque
601 824 778 866 traiecto
806 824 851 865 Io
882 823 1017 866 iuberi
1047 822 1101 866 ad
1125 823 1481 876 septemtrionem,
1512 826 1640 877 atque
1668 824 1765 866 inde
1792 836 1869 877 per
1896 825 2123 867 occidentis
2153 837 2248 868 oras
2268 826 2323 868 ad
2342 826 2567 880 Aethiopes
2596 838 2689 880 per-

297 890 433 951 gere.’
462 897 568 939 Dein
598 900 695 950 post
723 896 880 938 multas
915 894 1237 937 deliberationes
1265 907 1314 938 eo
1343 898 1538 948 pervenit
1566 899 1616 938 ut
1642 895 1823 939 diceret:
1851 891 1914 938 ‘si
1943 896 2044 948 quid
2073 897 2116 938 in
2136 896 2215 939 hac
2238 909 2377 940 rerum
2398 898 2686 952 ambiguitate,

297 970 340 1012 in
372 981 502 1023 quam
535 970 724 1014 versibus
757 970 836 1012 illis
865 969 934 1021 qui
966 967 1213 1011 interierunt
1257 969 1430 1012 coniecti
1468 979 1627 1019 sumuS,
1662 968 1760 1010 lieet
1798 967 2010 1020 dispicere,
2050 968 2305 1020 probabilius
2339 970 2503 1013 videtur
2530 969 2687 1013 reflecti

293 1043 386 1086 iter
413 1042 464 1085 ad
493 1042 834 1097 septemtrionem
864 1041 907 1082 in
936 1039 1166 1095 Europam,
1198 1041 1460 1096 proferrique
1488 1053 1566 1094 per
1593 1040 1853 1084 occidentem
1882 1040 2039 1094 Libyae
2066 1040 2120 1083 ad
2153 1036 2418 1095 Aegyptum?
2466 1043 2579 1095 Ergo
2608 1043 2688 1086 hoc

305 1127 472 1168 quoque
503 1127 599 1158 eum
629 1113 749 1167 sugit,
780 1125 872 1155 eam
901 1111 1032 1156 fuisse
1051 1113 1247 1167 Aeschyli
1272 1113 1599 1168 dispositionem,
1626 1116 1675 1156 ut
1701 1113 1741 1154 in
1766 1111 2018 1155 Prometheo
2068 1113 2207 1155 vincto
2244 1113 2436 1166 regiones
2464 1113 2687 1157 orientales

298 1190 342 1230 et
369 1186 622 1230 meridianas
656 1189 994 1240 persequeretur,
1047 1187 1090 1228 in
1128 1186 1277 1230 soluto:
1306 1186 1648 1240 septemtrionem
1691 1189 1735 1228 et
1778 1185 2046 1238 occidentem,
2083 1185 2145 1228 ita
2174 1188 2356 1238 utraque
2385 1184 2528 1228 fabula
2557 1185 2688 1228 totius

294 1264 505 1304 terrarum
539 1258 655 1301 orbis
684 1258 875 1312 regiones
911 1262 1040 1312 atque
1069 1259 1272 1302 miracula
1300 1259 1654 1313 conprehendens.
1713 1257 1795 1300 Sed
1824 1258 1974 1301 harum
2005 1258 2226 1301 turbarum
2253 1257 2411 1301 fontem
2444 1258 2689 1302 adcuratius

299 1334 578 1388 dispiciamus.
634 1331 682 1372 In
714 1330 850 1374 verbis
880 1328 995 1385 πρὸς
1022 1324 1208 1382 οἷντολάς
1237 1331 1476 1388 φλογῶπας
1503 1327 1768 1388 ἡλιοστιβεῖς
1797 1343 1874 1385 per
1903 1342 1948 1374 se
1975 1330 2095 1373 nihili
2124 1334 2200 1383 est,
2221 1331 2375 1373 nedum
2395 1330 2688 1385 Aeschyleum‚
2741 1336 2745 1341 '

299 1407 478 1449 alterum
510 1403 762 1447 adiectivum
791 1400 1069 1459 ἡλιοστιβεῖς.
1126 1404 1186 1447 Ut
1218 1404 1259 1446 in
1292 1417 1330 1446 v.
1362 1407 1442 1446 707
1475 1405 1658 1458 scripsit:
1698 1404 1876 1457 πρῶτον
1905 1403 1983 1458 μὲν
2013 1402 2177 1446 ἐνθένδ’
2210 1400 2335 1459 ἡλίου
2364 1401 2479 1459 πρὸς
2506 1397 2689 1454 ἀντολὰς

306 1477 532 1532 στρέψασα
562 1473 725 1532 σαυτήν
753 1475 885 1530 στεῖχ’
916 1471 1156 1533 ἀνηρότους
1175 1473 1290 1532 γύας,
1317 1478 1375 1520 sic
1401 1489 1531 1520 nunc:
1560 1473 1674 1530 πρὸς
1703 1473 1888 1527 ἀντολάς
1915 1476 2155 1532 φλογῶπας
2183 1474 2322 1533 ἡλίου.
2376 1477 2467 1520 Iam
2498 1477 2539 1520 in
2570 1476 2688 1520 codd.

302 1550 557 1603 adscriptam
602 1550 684 1594 vidi
727 1550 1114 1604 interpretationem
1158 1547 1318 1604 βάδιζε,
1347 1553 1373 1593 i.
1404 1564 1439 1594 e.
1473 1549 1612 1603 στίβει
1641 1548 1709 1599 (cf.
1741 1549 1937 1603 Sophocl.
1983 1550 2095 1592 Aiac.
2141 1563 2178 1592 v.
2218 1553 2300 1592 874
2340 1551 2429 1591 πᾶν
2471 1549 2689 1606 ε’στίβηται

302 1619 493 1676 πλευρὸν
522 1621 710 1677 ἕσπερον
739 1623 878 1677 νεῶν).
908 1623 950 1665 in
976 1623 1079 1666 locis
1107 1624 1330 1667 trochaicis
1359 1621 1467 1678 ἕρπε
1498 1623 1607 1666 dixit
1635 1626 1679 1666 et
1707 1624 1865 1675 στεῖχε,
1895 1623 2035 1666 iambo
2064 1626 2211 1677 aptum
2240 1622 2322 1666 fuit
2350 1622 2488 1677 στίβει
2517 1623 2579 1678 (in
2598 1622 2687 1666 cod.

300 1695 413 1749 Lips.
443 1695 620 1739 lectione
639 1691 899 1752 ἡλιοστιζεῖς
927 1696 1073 1739 littera
1103 1697 1127 1750 ζ
1160 1697 1368 1751 particula
1410 1699 1476 1740 est
1503 1696 1866 1750 interpretamenti
1891 1691 2068 1750 βάδιζε).
2126 1698 2250 1740 Hunc
2277 1698 2572 1751 imperativum
2603 1697 2688 1739 iam

307 1767 573 1822 Hartungius
621 1768 833 1812 divinatus
877 1772 980 1820 erat,
1027 1769 1100 1812 sed
1142 1769 1250 1812 idem
1282 1782 1391 1813 nunc
1431 1768 1648 1823 iungebat:
1697 1763 1862 1810 πόντου
1897 1770 2079 1822 περῶσα
2108 1768 2322 1825 φλοῖσβον
2350 1767 2397 1820 ἔς
2423 1763 2462 1811 τ’
2491 1765 2542 1811 ἂν
2571 1768 2688 1826 ἐξίκῃ

298 1856 337 1883 κ.
365 1855 402 1881 τ.
433 1840 481 1893 λ.,
513 1840 564 1884 de
595 1841 689 1884 sinu
719 1841 886 1884 Persico
917 1841 1119 1896 cogitans.
1154 1841 1235 1885 Sed
1262 1838 1428 1884 πόντου
1459 1842 1641 1895 περῶσα
1684 1841 1899 1897 φλοῖσβον
1936 1845 2032 1895 post
2066 1837 2170 1883 ὅταν
2200 1841 2395 1899 περάσῃς
2422 1842 2505 1886 leni
2537 1843 2687 1886 calami

300 1925 441 1956 errore
470 1914 673 1967 scriptum
704 1917 768 1956 est
796 1925 871 1967 pro
901 1909 1066 1955 πόντου
1097 1916 1288 1968 παρεῖσα
1315 1914 1531 1971 φλοῖσβον
1561 1913 1628 1968 (cf.
1660 1913 1787 1967 Soph.
1818 1913 1972 1956 Electr.
1991 1928 2029 1957 v.
2046 1917 2124 1957 731
2155 1911 2286 1970 γνούς
2313 1914 2349 1957 δ’
2382 1911 2462 1968 οὑξ
2487 1910 2688 1970 Ἀθηνῶν

299 1982 440 2036 δεινός
477 1981 767 2043 ἡνιοστρόφος
809 1983 893 2038 ἔξω
938 1988 1153 2044 παρασπᾷ
1198 1981 1484 2040 κᾶνοκωχεύει
1530 1985 1688 2042 παρεὶς
1729 1985 1906 2028 κλύδων’
1952 1984 2154 2043 ἔφιππον
2183 1986 2227 2029 ἐν
2260 1985 2379 2043 μέσῳ
2409 1984 2687 2042 κυκώμενον).

293 2056 425 2110 igitur
452 2068 535 2099 non
557 2056 672 2098 aliud
693 2069 810 2099 mare
830 2056 982 2100 dicitur
997 2069 1124 2110 quam
1145 2057 1250 2100 illud
1278 2059 1388 2102 unde
1419 2061 1543 2103 venit.
1573 2071 1656 2113 quo
1683 2059 1828 2102 relicto
1849 2060 1904 2102 ad
1924 2059 2127 2102 orientem
2157 2060 2339 2113 migrare
2357 2060 2524 2103 iubetur
2554 2072 2686 2114 usque

292 2129 393 2171 dum
420 2130 639 2182 perveniat
668 2130 723 2181 ad
752 2141 920 2184 campos
949 2129 1184 2184 Gorgonios
1211 2134 1288 2174 cet.
1349 2131 1648 2185 Quaecumque
1684 2134 1883 2175 secuntur
1913 2131 2121 2187 Aeschylo
2156 2132 2197 2175 in
2239 2133 2398 2175 oriente
2433 2137 2475 2176 et
2513 2132 2686 2176 meridie

298 2202 381 2244 sita
410 2200 537 2244 fuisse
566 2205 772 2255 apertum.
807 2203 952 2255 itaque
981 2204 1134 2247 lacuna
1163 2204 1236 2247 illa
1262 2205 1522 2259 periculosae
1555 2207 1674 2249 aleae
1701 2205 1828 2260 plena
1855 2205 1916 2248 sic
1948 2206 2171 2259 placanda:

827 2289 931 2334 ὅταν
957 2290 1155 2350 περάσῃς
1184 2295 1367 2348 ῥεῖθρον
1396 2289 1597 2350 ἠπείροιν
1622 2291 1738 2349 ὅρον,

826 2364 940 2418 πρὸς
967 2359 1151 2417 ἀντολάς
1178 2366 1419 2424 φλογῶπας
1450 2364 1572 2424 ἡλίου
1598 2367 1733 2420 στίβει

825 2434 991 2479 πόντου
1020 2441 1211 2493 παρεῖσα
1241 2439 1466 2496 φλοῖσβον,
1500 2438 1546 2490 ἔς
1575 2440 1611 2481 τ’
1646 2436 1697 2482 ἂν
1723 2439 1837 2497 ἐξίκῃ
1866 2455 1903 2481 κ.
1931 2455 1968 2482 τ.
1999 2439 2036 2481 λ.

424 2519 492 2563 Ad
522 2519 812 2573 Theognidem
842 2526 1043 2572 revertor,
1086 2526 1135 2566 ut
1176 2523 1290 2566 locos
1330 2525 1555 2569 nonnullos
1588 2525 1741 2568 addam
1765 2524 2049 2568 intercedente
2078 2523 2427 2577 interpretatione
2455 2525 2684 2576 corruptos.

297 2590 447 2634 Paucis
481 2595 607 2635 antea
635 2593 676 2635 in
706 2594 949 2637 memoriam
979 2595 1181 2638 revocabo
1224 2597 1336 2649 quod
1378 2597 1420 2638 in
1464 2598 1606 2650 priore
1641 2597 1992 2640 commentatione
2031 2597 2114 2639 iam
2146 2597 2307 2639 monui:
2339 2595 2490 2639 horum
2518 2605 2686 2650 quoque

299 2661 632 2717 fragmentorum
665 2665 794 2708 verba
823 2678 873 2708 ex
904 2666 1291 2721 interpretamentis
1320 2668 1362 2710 in
1392 2671 1511 2713 codd.
1546 2669 1767 2723 adscriptis
1798 2669 1914 2712 varia
1943 2670 2204 2712 contraxisse
2232 2668 2347 2710 vitia.

428 2747 475 2790 V.
508 2751 586 2790 981
618 2747 727 2804 μηδὲ
755 2747 874 2805 παρὰ
903 2753 1078 2808 κρητῆρι
1110 2748 1300 2807 λόγοισιν
1331 2750 1438 2808 ἐμήν
1471 2753 1609 2810 φρένα
1638 2753 1802 2810 θέλγοι,
1834 2754 1905 2796 alii
1930 2753 2048 2797 codd.
2084 2749 2188 2811 ἐμὴν
2218 2751 2352 2810 φρένα
2380 2750 2535 2806 τέρποι
2565 2751 2682 2805 (Hes.

298 2817 459 2874 θέλγει,
482 2818 665 2876 τέρπει).

426 2903 475 2946 V.
507 2905 531 2945 6
563 2904 734 2962 ῥαδινῇς
762 2905 906 2960 χέρσιν
937 2905 1208 2964 ἐφαψαμένη,
1253 2909 1341 2952 cod.
1384 2910 1473 2953 Pal.
1508 2911 1724 2967 τρυφερῇς
1765 2909 1834 2964 (cf.
1865 2908 2001 2962 Apoll.
2033 2909 2166 2951 Rhod.
2202 2910 2238 2961 3,
2275 2910 2353 2950 106
2395 2904 2476 2963 τήν
2505 2906 2541 2949 δ’
2565 2903 2681 2964 (Ἡρη

295 2975 469 3031 ῥαδινῆς
501 2972 782 3031 ἐπεμάσσατο
812 2975 969 3032 χειρός,
1004 2979 1131 3023 schol.
1165 2980 1363 3036 ῥαδινῆςε
1392 2985 1637 3038 τρυφερᾶς).

427 3060 475 3101 V.
507 3062 583 3102 102
615 3057 758 3111 δειλὸς
787 3055 902 3117 ἆνήρ,
936 3064 987 3106 al.
1018 3060 1148 3115 κακὸς
1177 3058 1285 3120 ἀνήρ
1315 3065 1431 3116 (Hes.
1463 3062 1621 3120 δειλόν,
1648 3060 1808 3117 κακόν).
1841 3077 1877 3107 v.
1917 3065 1993 3106 163
2023 3066 2076 3104 A
2102 3063 2273 3117 δαίμονι
2302 3062 2443 3118 δειλῷ,
2481 3063 2563 3106 ΚΟ
2592 3061 2680 3104 δαί·

295 3145 391 3184 μονι
417 3133 549 3188 κακῷ,
577 3133 708 3176 ceteri
734 3132 905 3188 δαίμονι
934 3131 1106 3192 φαύλῳ.

428 3214 478 3258 V.
507 3219 587 3258 299
618 3228 692 3270 pro
723 3211 865 3268 οὐδεὶς
895 3217 946 3277 λῇ
979 3221 1049 3274 (Λ
1074 3215 1217 3272 οὐδεὶς
1248 3217 1319 3277 δή)
1353 3222 1536 3275 primum
1566 3217 1708 3271 οὐδεὶς
1739 3218 1862 3262 θέλει
1906 3219 2022 3273 (Hes.
2053 3218 2116 3275 2125,
2147 3217 2304 3271 θέλει),
2331 3217 2426 3261 dein
2458 3212 2548 3260 οὐδ’
2581 3217 2682 3260 ἐθέ-

300 3285 366 3328 λει
390 3288 519 3340 (quod
548 3290 623 3332 rel.
658 3290 774 3333 codd.
806 3290 979 3346 habent)
1015 3294 1220 3347 scriptum
1263 3298 1341 3347 est,
1381 3298 1424 3337 et
1454 3295 1496 3337 in
1522 3307 1560 3337 v.
1592 3296 1673 3336 230
1703 3303 1779 3346 pro
1810 3285 1898 3334 οὐδ’
1935 3280 1970 3346 ᾦ
1999 3290 2035 3332 κ’
2069 3292 2138 3345 (A
2164 3282 2259 3342 ὦκ’)
2287 3291 2330 3333 in
2359 3291 2433 3335 rel.
2471 3301 2522 3333 ex
2553 3291 2678 3333 inter-

301 3359 536 3409 pretatione
565 3354 654 3403 οὔδ’
685 3354 749 3416 ἦν.
774 3395 777 3397 .
