2930 3880
1426 239 1483 284 17

398 373 446 415 111
476 372 558 416 fine
586 372 780 416 carminis
805 370 1052 425 symposiaci
1080 381 1117 411 v.
1147 369 1389 410 467—496:

793 440 920 496 ’ὑμεῖς
948 442 983 484 δ’
1017 432 1065 483 εὖ
1093 443 1320 494 μυθεῖσθε
1350 437 1472 494 παρὰ
1501 440 1679 495 κρητῆρι
1707 439 1908 493 μένοντες

847 504 1045 570 ἀλλήλων
1076 510 1220 566 ἔριδος
1248 513 1342 568 δηὶν
1369 507 1634 567 ἐρυκόμενοι,

792 586 835 636 ἐς
863 582 914 627 τὸ
945 585 1079 639 μέσον
1109 586 1353 640 φωνεῦντες
1383 581 1502 638 ὁμῶς
1530 580 1592 626 ἑνὶ
1613 582 1686 625 καὶ
1713 578 1973 625 συνάπασιν·

847 651 1013 710 χοῖἷτως
1042 652 1292 710 συμπόσιον
1319 655 1478 711 γίνεται
1507 650 1584 697 οὐκ
1614 647 1757 710 ὅίχαρι.

263 746 346 777 11011
375 733 570 786 intellego
598 732 728 775 verba
757 731 800 782 ἐς
834 727 885 772 τὸ
917 729 1050 785 μέσον
1077 730 1321 785 φωνεῦντες
1349 724 1470 781 ὁμῶς
1505 724 1567 769 ἑνὶ
1597 725 1668 768 καὶ
1695 722 1947 769 συνάπασιν.
1990 726 2188 779 quidnam
2218 728 2458 782 φωνεῦντες
2486 726 2547 770 ὲνὶ
2574 730 2646 772 καὶ

263 801 533 848 συνάπασινῗ
577 804 733 846 scilicet
760 804 1018 846 contrarium
1053 799 1198 857 ἔριδος
1224 802 1250 843 1.
1281 813 1316 843 0.
1347 799 1466 856 φίλα.
1505 811 1637 852 quare
1665 810 1742 852 pro
1774 799 2018 855 φωνεῦντες
2047 798 2208 851 corrigo
2238 796 2325 854 φίλ’
2359 793 2490 848 ἱέντες
2523 801 2646 853 idque

264 888 359 919 cum
386 876 605 930 participio
634 874 911 929 praecedente
935 875 1108 928 copulo:

849 942 1045 1004 ἀλλήλων
1074 945 1218 1001 ἔριδος
1251 945 1346 1001 δηὶν
1376 940 1628 998 ἐρυκόμενοι

795 1020 842 1069 ἔς
869 1034 916 1060 τε
947 1018 1080 1072 μέσον
1109 1017 1199 1074 φίλ’
1226 1011 1404 1066 ἱέντες(
1383 1016 1502 1069 ομῶς
1531 1011 1593 1056 ἑνὶ
1612 1014 1683 1056 καὶ
1711 1011 1952 1057 συνάπασιν
1971 1031 2009 1059 κ.
2025 1031 2061 1058 τ
2079 1015 2115 1057 λ.

261 1091 313 1133 111
348 1091 426 1134 hoc
469 1092 559 1133 loc-0
599 1095 715 1133 reete
753 1090 948 1133 scribitur
985 1085 1117 1142 ομιῦς,
1158 1091 1207 1130 111
1235 1088 1361 1129 etiam
1399 1099 1438 1127 v.
1471 1087 1550 1127 369
1581 1082 1702 1138 ὁμῶς
1729 1085 1852 1128 κακοὶ
1882 1080 1960 1142 ηδε
1988 1086 2059 1128 καὶ
2088 1085 2256 1140 ἐσθλοί,
2285 1099 2322 1129 v
2352 1089 2429 1128 497
2461 1079 2651 1143 ἄφρονος

267 1156 423 1218 ανδρὸς
451 1159 570 1216 ὁμῶς
597 1161 667 1203 καὶ
698 1158 939 1218 σώφρονος,
972 1161 1027 1202 al.
1058 1172 1113 1202 m.
1142 1160 1230 1208 loc„
1262 1158 1335 1200 sed
1365 1158 1407 1199 in
1436 1156 1627 1199 versibus
1654 1157 1893 1202 Mimnermi
1921 1160 1987 1209 (fr.
2015 1163 2052 1212 5,
2085 1159 2267 1214 Theogn.
2297 1172 2335 1202 V.
2369 1160 2516 1213 1019).

795 1233 1017 1285 πτοιῶμαι
1045 1230 1082 1273 δ’
1116 1229 1282 1285 ἐσορῶν
1308 1223 1447 1280 ἄνθος
1477 1225 1700 1285 ὁμηλικίης

849 1297 1037 1358 τερπνόν
1066 1299 1188 1356 ὁμῶς
1216 1302 1287 1344 καὶ
1314 1299 1456 1353 καλὸν,
1487 1301 1585 1344 ἐπεὶ
1614 1301 1748 1344 πλέον
1777 1295 1946 1360 ὤφελεν
1973 1298 2093 1347 εἶναι.

262 1376 372 1419 male
402 1376 582 1419 editores
614 1376 775 1419 duobus
808 1375 894 1418 scil.
928 1374 1141 1417 adiectivis
1169 1373 1330 1428 decepti
1363 1369 1484 1427 ὁμῶς
1512 1373 1710 1426 scribunt,
1743 1384 1825 1427 quo
1854 1374 2040 1418 efficiunt
2063 1379 2112 1418 ut
2139 1375 2368 1418 sententiae
2396 1378 2539 1429 partes
2569 1386 2652 1417 non

265 1448 367 1491 satis
397 1448 662 1491 cohaereant.
705 1451 829 1500 poeta
859 1446 1073 1501 eleganter
1098 1446 1206 1490 dixit
1234 1443 1423 1500 τερπνὸν
1454 1441 1573 1500 ὅμως
1601 1446 1671 1488 καὶ
1699 1442 1830 1488 καλὸν
1858 1447 1884 1489 1.
1916 1459 1950 1489 0.
1979 1447 2076 1490 11001
2101 1443 2287 1501 τερπνὸν
2320 1446 2389 1488 καὶ
2419 1443 2551 1489 καλὸν
2582 1446 2651 1499 sit,

266 1526 410 1564 tamen
440 1522 659 1574 πτοιῶμαι
687 1518 863 1574 ε’σοριῖν,
900 1516 1000 1562 ἐπεὶ
1030 1517 1165 1562 πλέον
1196 1511 1366 1576 ὤφελεν
1393 1512 1516 1560 εἶναι.

400 1593 448 1635 111
479 1604 514 1634 v.
545 1594 625 1633 959
646 1602 785 1643 seqq.:

796 1661 894 1706 ἔστε
923 1662 1002 1718 μὲν
1029 1659 1159 1721 αὗτός
1189 1661 1341 1706 ἔπινον
1373 1657 1463 1706 ἀπὸ
1495 1659 1650 1719 κρήνης
1677 1660 1964 1717 μελανύδρου,

852 1732 933 1792 ἡδύ
965 1735 1007 1778 τί
1033 1752 1111 1790 μοι
1139 1733 1280 1778 ἐδόκει
1311 1735 1382 1777 καὶ
1410 1734 1539 1777 καλὸν
1569 1729 1688 1788 εἶμεν
1719 1730 1860 1789 ὕδωρ·

795 1811 868 1851 νῦν
896 1809 932 1851 δ’
964 1801 1044 1864 ἤδη
1072 1804 1334 1861 τεθόλωται,
1365 1805 1481 1861 ὕδωρ
1512 1807 1547 1849 δ’
1580 1801 1857 1862 οῗναμίσγεται
1886 1804 1996 1850 ἶλυῖ·

845 1876 982 1937 ,ἷίλλης
1011 1878 1062 1937 δὴ
1092 1877 1246 1939 κρήνης
1276 1880 1434 1935 πίομαι
1463 1876 1491 1937 ἢ
1519 1881 1734 1934 ποταμοῦ.

272 1956 396 1997 inane
425 1954 528 1997 mihi
558 1954 722 1996 videtur
751 1954 862 2007 quod
893 1965 1036 1996 omnes
1063 1957 1257 1996 tenuere:
1288 1948 1316 2008 ἢ
1342 1954 1558 2007 ποταμοῦ,
1586 1953 1766 2007 corrigo:

852 2018 982 2081 ἷίλλης
1012 2022 1064 2083 δὴ
1091 2022 1247 2081 κρήνης
1278 2024 1435 2079 πίομαι
1466 2019 1515 2081 ἦὲ
1546 2026 1727 2079 προτοῦ.

397 2100 444 2141 111
476 2112 515 2141 v.
547 2102 626 2141 957
645 2111 750 2152 seq.:
1218 2094 1219 2097 ’

792 2165 853 2211 Εἴ
875 2185 915 2211 τι
946 2167 1111 2212 παθών
1137 2166 1210 2211 ὑπ’
1244 2169 1349 2223 ἐμεῦ
1380 2163 1549 2224 ἀγαθὸν
1577 2170 1684 2225 μέγα
1711 2167 1771 2227 μὴ
1801 2166 1927 2225 χάριν
1956 2164 2095 2225 οἶδας,

850 2237 1017 2298 χρῄζων
1045 2237 1283 2296 ἡμετέρους
1310 2231 1435 2291 αὖτις
1465 2240 1579 2283 ἵκοιο
1610 2237 1786 2294 δόμους.

266 2313 308 2354 111
339 2316 604 2366 pentametro
625 2311 692 2354 vel
712 2312 967 2354 contrarium
987 2312 1076 2354 eius
1097 2312 1248 2354 dicitur
1268 2312 1379 2364 quod
1401 2313 1708 2366 expectaveris:
1738 2325 1791 2356 ne
1822 2313 1991 2366 scilicet,
2023 2314 2057 2357 si
2086 2315 2239 2357 iterum
2269 2315 2454 2367 indigens
2483 2314 2653 2357 futurus

267 2386 334 2436 sit,
363 2385 511 2427 redeat
540 2385 611 2425 ille
639 2383 712 2436 qui
740 2384 932 2435 ingratus
961 2382 1101 2426 fuerit.
1144 2385 1340 2427 nimirum
1372 2380 1608 2439 ἡμετέρους
1635 2397 1712 2438 pro
1743 2384 1887 2440 μηκέτ’
1919 2382 2050 2439 ἐμοὺς
2078 2387 2280 2439 scriptum
2313 2391 2386 2430 est.
2431 2390 2653 2440 praeterea

265 2458 405 2499 nescio
448 2469 500 2498 an
542 2449 710 2510 ἀγαθὸν
751 2457 792 2498 111
827 2457 963 2498 locum
999 2457 1128 2510 vocis’[
1140 2452 1291 2498 κεδνόν
1322 2458 1547 2510 inrepserit
1585 2456 1653 2510 (cf.
1686 2456 1812 2509 Soph.
1842 2458 1906 2499 Ai.
1938 2470 1976 2499 v.
2008 2459 2086 2498 663
2118 2450 2245 2498 οὔπω
2275 2473 2316 2499 τι
2346 2455 2494 2500 κεδνὸν
2525 2455 2654 2510 ἔσχον

267 2523 472 2584 Ἀργείων
512 2525 661 2580 πάρα),
701 2541 826 2581 quam
865 2529 1031 2581 saepius
1073 2529 1419 2583 interpretatione
1455 2530 1674 2573 evanuisse
1713 2530 1756 2571 in
1798 2530 2004 2573 codicibus
2040 2531 2198 2573 nostris
2236 2531 2339 2573 alibi
2370 2531 2657 2573 demonstravi

277 2602 393 2653 (Hes.
420 2597 558 2652 κεδνότ7
590 2594 780 2655 ἄγαθά);

797 2670 842 2715 εἴ
868 2689 909 2715 τι
939 2673 1102 2716 παθών
1131 2670 1205 2715 ὑπ’
1240 2672 1341 2727 ἐμεῦ
1371 2672 1521 2715 κεδνόν
1549 2673 1656 2728 μέγα
1682 2670 1753 2728 μή
1772 2669 1894 2727 χάριν
1924 2667 2059 2727 οἶδας,

851 2745 1016 2803 χρῄζων
1047 2745 1191 2801 μηκέτ’
1228 2742 1357 2799 ἐμοὺς
1386 2736 1507 2796 αῦτις
1531 2745 1646 2787 ἵκοιο
1674 2741 1849 2798 δόμους.

266 2818 375 2859 Nam
414 2830 467 2860 ne
502 2818 607 2860 haec
633 2816 801 2869 quidem
828 2815 1065 2869 fragmenta
1093 2817 1477 2869 interpretamentis
1506 2817 1666 2859 intacta
1699 2816 1901 2859 mansisse
1934 2814 2058 2858 facile
2092 2815 2291 2857 librorum
2329 2815 2524 2858 lectiones
2558 2827 2653 2867 per-

270 2889 468 2932 lustranti
508 2889 684 2943 patebit.
742 2888 835 2930 Non
871 2890 1006 2932 solum
1043 2889 1299 2942 glossemata
1328 2900 1473 2930 vocum
1513 2889 1789 2942 genuinarum
1825 2888 1962 2930 locum
2004 2891 2274 2941 occuparunt,
2305 2891 2347 2930 et
2379 2886 2456 2929 hoc
2484 2887 2653 2940 quidem

271 2958 398 3001 etiam
429 2959 471 3000 in
498 2959 668 3013 optimis
695 2959 911 3010 codicibus,
943 2964 991 3002 ut
1019 2960 1062 3001 in
1092 2972 1236 3003 versus
1267 2963 1319 3001 90
1348 2959 1595 3013 repetitione
1624 2963 1720 3013 post
1749 2972 1788 3001 v.
1814 2961 1919 3000 1084
1950 2959 1986 3000 A
2010 2957 2235 3015 ἐμφανέως
2262 2957 2389 3001 habet
2409 2970 2484 3010 pro
2510 2951 2652 3015 α’μφα-

267 3027 376 3084 δίην,
404 3033 447 3072 01
478 3030 545 3071 vel
577 3032 722 3072 contra
753 3034 947 3082 metrum,
978 3043 1030 3073 ex
1057 3042 1139 3083 quo
1168 3031 1427 3084 intellegitur
1453 3043 1536 3073 non
1564 3031 1737 3075 fortuito
1760 3031 1919 3074 factum
1949 3043 2051 3082 esse,
2084 3029 2132 3073 cf.
2154 3043 2190 3072 v.
2215 3032 2293 3072 163
2314 3028 2483 3082 δαίμονι
2510 3029 2650 3085 δειλῷ,

269 3101 345 3144 ΚΟ
386 3101 557 3154 δαίμονι
598 3103 714 3157 κακῷ
749 3103 864 3156 (Hes.
894 3100 1050 3157 δειλὸν,
1080 3099 1224 3146 κακόν.
1253 3103 1444 3157 Aeschyl.
1474 3103 1565 3156 VII,
1596 3116 1635 3147 v.
1667 3107 1747 3145 223
1782 3105 1824 3146 in
1856 3103 1965 3145 Gud.
1996 3106 2040 3145 et
2073 3103 2126 3145 al.
2158 3102 2274 3146 codd.
2313 3103 2353 3143 in
2392 3101 2555 3143 senario
2591 3097 2652 3156 μή

267 3189 341 3226 μοι
375 3170 512 3223 θεοὺς
540 3174 729 3216 καλοῦσα
756 3171 967 3227 βουλεύου
1000 3175 1184 3229 δειλῶς),
1215 3187 1251 3217 v,
1285 3178 1364 3217 593
1392 3178 1589 3218 κακοῖσιν
1618 3170 1722 3227 α’σῶ,
1753 3175 1829 3218 ΚΟ
1860 3180 1902 3218 et
1929 3175 1979 3219 al.
2008 3187 2064 3217 m.
2094 3177 2263 3217 κακοῖσι
2293 3173 2446 3227 λυποῦ,
2486 3185 2568 3226 (1110
2599 3173 2652 3216 si-

268 3247 355 3288 mul
384 3247 660 3313 imperativus
689 3248 896 3291 indicatur
925 3250 996 3301 qui
1026 3249 1068 3290 in
1085 3250 1121 3290 A
1153 3249 1195 3290 in
1226 3242 1397 3291 ἆσῶντα
1427 3247 1529 3290 abiit
1555 3246 1622 3297 (cf.
1645 3259 1681 3289 v.
1702 3249 1794 3299 657,
1816 3247 1885 3289 ubi
1908 3247 1948 3288 in
1969 3258 2100 3300 marg.
2126 3246 2235 3298 plur.
2260 3245 2347 3287 cod.
2369 3244 2652 3298 adscriptum:

2364 3318 2385 3351 3
