2930 3880
1417 365 1466 405 17

252 490 605 548 προσδιαφθεριῦ
634 485 781 542 ξυνών.
838 487 893 530 ib.
923 500 961 529 v.
993 489 1073 529 309
1102 485 1271 528 ἐλεοῦσι
1298 485 1375 539 μὲν
1405 482 1478 526 καί
1506 479 1594 526 πού
1635 477 1676 525 τι
1716 483 1785 525 καὶ
1820 484 1954 537 βορᾶς
1995 482 2127 537 μέρος
2170 483 2443 537 προσέδοσαν
2484 480 2638 527 οἰκτεί-

253 579 403 618 ραντες
427 563 459 620 ἤ
481 578 576 605 τινα
605 555 777 616 στολήν.
836 560 1027 614 Aeschyl,
1056 559 1148 610 VII,
1180 571 1218 601 v.
1253 560 1359 601 1023
1390 555 1462 598 καὶ
1483 552 1592 612 μήθ’
1622 552 1828 610 ὁμαρτεῖν
1866 551 2089 609 τυμβοχόα
2126 552 2372 611 χειρώματα
2405 553 2502 614 μήτ’
2538 554 2636 610 ὀξυ-

251 630 441 688 μόλποις
467 631 728 688 προσσέβειν
758 626 1037 686 οἰμώγμασιν.
1098 629 1279 682 Choeph.
1315 643 1352 672 v.
1384 632 1464 671 401
1510 623 1618 671 ἀλλὰ
1652 623 1784 682 νόμος
1821 626 1900 682 μὲν
1942 627 2086 683 γονίας
2126 624 2333 683 σταγόνας
2369 628 2550 684 χυμένας
2592 627 2637 679 ἐς

253 705 389 749 πέδον
429 698 537 748 ἄλλο
582 704 834 756 προσαιτεῖν
867 695 977 755 αἷμα
1013 706 1091 745 cet.
1148 701 1290 744 Etiam
1327 701 1379 745 de
1407 714 1506 746 voce
1533 695 1719 754 ἀκούειν,
1760 701 1920 753 audire,
1953 703 2056 744 nota
2086 701 2249 753 omnia3
2285 702 2374 755 ipse
2410 702 2635 756 Sophocles

250 779 352 823 Oed.
381 777 466 821 Col.
498 789 535 819 v,
566 779 646 818 988
677 769 767 817 ἀλλ’
801 769 852 817 οὗ
889 773 966 830 γάρ
1008 773 1100 817 οὔτ’
1132 773 1177 816 έν
1215 774 1353 816 τοῖσδ’
1384 768 1624 828 ἀκούσομαι
1661 770 1792 825 κακὸς
1827 770 2026 830 γάμοισιν
2057 789 2094 817 κ.
2122 788 2161 816 τ.
2189 773 2240 825 λ.,
2275 772 2377 817 Oed‚
2417 777 2494 828 tyr.
2528 776 2635 816 1204

253 851 380 892 τανῦν
409 848 445 892 δ’
477 843 649 891 ἅκουέιν
677 847 744 899 τίς
773 843 1050 901 ἆθλιώτερος
1083 851 1160 890 cet.
1220 848 1375 890 Eodem
1405 847 1527 890 modo
1557 842 1699 888 κλύειν
1729 846 1948 890 adhibent:
1974 846 2124 890 Aesch.
2156 845 2296 888 Prom.
2329 858 2367 887 v.
2402 848 2482 889 868
2512 847 2635 891 δυοῖν

252 922 300 966 δὲ
327 918 524 976 θάτερον
550 917 810 980 βουλήσεται
837 916 985 963 κλύειν
1011 919 1183 970 ἄναλκις
1209 919 1377 974 μ’ἆλλον
1406 914 1434 973 ἢ
1461 915 1704 975 μιαιφόνος.
1780 919 1904 972 idque
1935 918 2130 972 Sophocli
2171 917 2430 961 reddendum
2458 919 2499 960 in
2529 919 2630 963 Oed.

252 998 332 1051 tyr.
362 1008 400 1038 v.
434 997 552 1047 1201,
581 994 653 1037 ubi
682 994 841 1037 codices
874 997 917 1037 et
947 993 1168 1037 editiones:

780 1065 828 1119 ἐξ
856 1056 908 1109 οὗ
937 1065 1008 1108 καὶ
1036 1061 1237 1119 βασιλεὺς
1266 1063 1388 1105 καλεῖ

778 1135 882 1192 ἐμὸς
912 1137 983 1179 καὶ
1013 1134 1064 1178 τὰ
1093 1135 1254 1192 μέγιστ’
1286 1135 1366 1178 ἐτι-

777 1205 925 1266 μάθης
953 1211 1049 1260 ταῖς
1076 1208 1328 1264 μεγαλαῖσιν
1357 1207 1401 1250 ἐν

782 1276 991 1336 Θήβαισιν
1019 1275 1232 1322 ἀνάσσων.

251 1354 435 1405 corrige:

778 1423 826 1477 ἐξ
853 1413 911 1467 οὗ
938 1423 1009 1466 καὶ
1036 1420 1238 1478 βασιλεὺς
1265 1417 1412 1471 κλύεις

780 1495 891 1551 ἁμὸς
918 1512 955 1538 κ.
985 1512 1022 1538 τ.
1051 1496 1087 1539 λ.

250 1571 448 1626 Glyconei
477 1570 695 1614 acatalecti
724 1569 909 1614 continui
941 1573 1051 1622 sunt⁷
1080 1573 1128 1612 ut
1156 1568 1323 1612 dimetri
1350 1566 1609 1621 anapaestici
1637 1569 1681 1609 et
1707 1566 1840 1608 ionici.
1898 1567 1941 1608 in
1959 1567 2168 1619 *strophae
2197 1578 2236 1609 v.
2270 1568 2397 1608 1190:

774 1641 839 1692 τίς
868 1638 960 1697 γὰρ,
987 1640 1053 1692 τίς
1083 1635 1189 1699 ἆνὴρ
1217 1639 1354 1682 πλέον
1385 1640 1428 1693 (i.
1459 1651 1495 1682 e.
1524 1639 1742 1692 ιιυυινι)

774 1716 851 1765 τᾶς
877 1708 1153 1768 εὐδαιμονίας
1182 1712 1308 1770 φέρει

773 1781 799 1841 ἢ
824 1787 1037 1828 τοσοῦτον
1068 1781 1173 1828 ὅσον
1203 1785 1349 1828 δοκεῖν

673 1908 675 1910 ¹
771 1856 843 1899 καὶ
871 1853 1041 1911 δόξαντ’
1078 1851 1333 1909 ἇποκλῖναι;

245 1939 322 1981 pro
352 1922 381 1984 ἢ
406 1929 696 1982 corrigendum
742 1926 868 1986 πλήν,
913 1943 998 1984 qua
1035 1942 1136 1973 voce
1175 1929 1229 1972 ad
1269 1929 1512 1972 evitandum
1556 1928 1719 1970 hiatum
1758 1937 1833 1981 pro
1864 1925 1895 1982 ἤ
1917 1926 2154 1976 utebantur,
2194 1923 2384 1978 inprimis
2413 1922 2640 1976 Sophocles

248 1999 319 2054 (cf.
348 2000 416 2043 Ai.
443 2013 482 2044 v.
514 2004 592 2043 125
624 1998 716 2057 ὁρῶ
744 1998 821 2058 γὰρ
855 1999 971 2060 ἡμᾶς
1001 1997 1126 2046 ούδὲν
1155 2003 1280 2053 ὄντας
1310 2001 1415 2045 ἄλλο
1445 1997 1559 2057 πλὴν
1587 1995 1755 2057 εἴδωλα,
1787 1999 1935 2044 Trach.
1956 2000 2061 2040 1172
2091 1993 2181 2039 τόδ’
2212 1987 2263 2054 ἦν
2291 1994 2356 2049 ἄρ’
2390 1990 2513 2039 οὐδὲν
2530 1990 2636 2039 ἄλλο

245 2067 359 2126 πλὴν
387 2073 544 2113 θανεῖν
571 2070 659 2127 ε’μέ.
703 2073 808 2133 Ant.
838 2087 876 2117 ν.
909 2075 989 2116 646
1018 2074 1062 2116 τί
1092 2070 1207 2116 τόνδ’
1235 2070 1287 2115 ἂν
1316 2070 1462 2124 εἴποις
1489 2072 1592 2116 ἄλλο
1623 2069 1735 2129 πλὴν
1762 2069 1880 2129 αὑτῷ
1908 2068 2073 2122 πόνους
2104 2069 2267 2128 φῦσαι;
2308 2069 2418 2113 Phil.
2452 2071 2558 2111 1010
2590 2062 2642 2119 ὃς

249 2136 374 2185 οῦδὲν
405 2143 499 2202 ᾔδει
528 2141 643 2201 πλὴν
670 2142 721 2188 τὸ
751 2145 1036 2200 προσταχθὲν
1061 2149 1222 2201 ποιεῖν,
1249 2148 1302 2190 al.
1334 2146 1421 2201 m.).
1449 2146 1497 2189 In
1526 2146 1628 2189 Oed.
1660 2145 1747 2189 Col.
1781 2157 1815 2188 v,
1851 2148 1981 2188 1215:

776 2216 875 2260 ἐπεὶ
898 2214 1043 2260 πολλοὶ
1070 2217 1149 2273 μὲν
1176 2215 1220 2260 αἱ
1249 2217 1410 2274 μακραὶ

774 2286 929 2346 ἁμέραι
956 2290 1194 2334 κατέθεντο
1227 2288 1279 2347 δή

773 2358 914 2414 λύπας
946 2361 1155 2418 ἐγγυτέρω
1185 2379 1224 2407 κ.
1257 2379 1294 2406 τ.
1324 2363 1361 2406 λ.

251 2441 334 2483 quo
364 2431 453 2474 loco
482 2428 750 2477 Hermannus
793 2435 891 2477 olim
922 2435 1120 2479 Boeckhii
1162 2437 1214 2480 de
1250 2436 1440 2480 versibus
1473 2436 1707 2479 doctrinam
1734 2438 1923 2479 evertere
1953 2433 2219 2487 opinabatur,
2259 2431 2550 2486 corrigendum
2592 2425 2638 2471 αὶ

246 2496 414 2554 μακρὰν
441 2497 609 2557 ἁμέραι,
649 2505 761 2556 quod
791 2505 949 2548 dictum
983 2509 1062 2558 est,
1103 2509 1153 2549 ut
1181 2503 1225 2548 αῖ
1255 2503 1388 2550 πάλαι
1420 2505 1582 2564 ἡμέραι,
1622 2503 1666 2549 αἱ
1695 2503 1794 2549 τότε
1825 2503 1993 2563 ἡμέραι,
2025 2501 2068 2547 αἱ
2095 2503 2204 2555 τέως
2237 2502 2402 2561 ἡμέραι,
2442 2504 2530 2546 Sim.
2560 2515 2636 2555 m.;

240 2572 351 2615 idem
378 2573 466 2616 fere
493 2574 597 2619 haec
626 2577 756 2620 verba
782 2578 1033 2632 significant,
1077 2580 1189 2632 quod
1235 2575 1279 2621 αἱ
1306 2579 1468 2635 μακραὶ
1497 2577 1663 2638 ἡμέραι,
1710 2580 1789 2623 nisi
1820 2579 1930 2632 quod
1973 2577 2275 2633 significantius
2314 2576 2633 2629 elegantiusque

247 2645 378 2688 vitam
407 2647 450 2688 in
468 2647 631 2702 longius
650 2654 888 2703 provectam
918 2650 1033 2704 (βίον
1061 2650 1106 2702 ές
1137 2649 1304 2706 μακρὰν
1334 2651 1629 2708 ἐκτεταμένον)
1658 2653 1801 2697 dicunt
1831 2651 1949 2706 (ἐπεί
1990 2646 2072 2693 τόἶν
2110 2644 2162 2693 ού
2203 2646 2370 2705 μακρὰν
2402 2646 2510 2702 ἔζων
2540 2643 2634 2702 ἐγώ,

244 2715 411 2773 μακρὰν
439 2715 518 2775 γὰρ
549 2719 923 2777 §gazaros-ssim).
985 2724 1044 2767 Ut
1073 2724 1128 2767 ad
1159 2725 1446 2779 Theognidem
1476 2729 1687 2770 revertar:
1718 2729 1784 2769 est
1811 2725 1919 2768 alius
1950 2725 2079 2768 etiam
2108 2724 2235 2775 locus,
2268 2722 2338 2776 qui
2356 2722 2467 2765 vocis
2501 2714 2639 2778 οἷρχὴν

247 2802 323 2844 per
354 2788 529 2843 πάντως
557 2793 907 2848 interpretatione
937 2801 1161 2852 corruptus
1188 2802 1263 2851 est,
1296 2812 1334 2841 v.
1366 2800 1466 2840 305:

782 2868 862 2911 Τοί
893 2869 1018 2912 κακοὶ
1048 2864 1100 2912 ού
1127 2867 1303 2922 πάντως
1332 2869 1456 2912 κακοὶ
1484 2868 1531 2912 ἐκ
1559 2865 1743 2925 γαστρὸς
1772 2863 2006 2923 γεγόνασιν,

831 2936 921 2983 ἀλλ’
953 2936 1156 2997 ἄνδρεσσι
1186 2945 1337 2993 κακοῖς
1365 2941 1626 2996 συνθέμενοι
1657 2939 1809 2998 φιλίην

777 3009 880 3068 ἔργα
909 3029 956 3056 τε
987 3014 1090 3056 δείλ’
1123 3012 1295 3069 ἔμαθον
1323 3014 1394 3057 καὶ
1424 3011 1511 3071 ἔπη
1540 3010 1749 3071 δύσφημα
1778 3012 1850 3055 καὶ
1882 3007 2016 3066 ὕβριν,

830 3083 1064 3141 ἐλπόμενοι
1096 3087 1262 3138 κείνους
1291 3084 1432 3131 πάντα
1454 3085 1589 3142 λέγειν
1623 3083 1772 3140 ἔτυμα.

249 3155 308 3197 sic
335 3155 507 3207 codices,
531 3156 612 3198 nisi
640 3157 753 3209 quod
781 3158 824 3200 in
851 3160 1009 3212 optimo
1041 3160 1149 3202 idem
1180 3160 1262 3203 iam
1294 3160 1453 3211 accidit,
1485 3160 1596 3213 quod
1629 3158 1671 3200 in
1698 3159 1790 3201 loco
1820 3170 1873 3200 m.
1898 3158 1925 3200 l.
1983 3156 2043 3199 Ut
2072 3156 2158 3199 illic
2185 3156 2295 3198 enim
2327 3151 2509 3196 πάντων
2541 3188 2548 3196 .
2582 3188 2590 3195 .
2627 3186 2636 3195 .

246 3220 424 3280 ἄριστον
454 3228 659 3281 seriptum
686 3233 753 3273 est
779 3243 856 3285 pro
881 3228 1061 3283 πάντως
1096 3267 1104 3276 .
1139 3266 1147 3275 .
1178 3225 1360 3287 ἄριστον
1399 3233 1459 3282 (et
1501 3244 1538 3273 v.
1568 3232 1647 3272 967
1678 3230 1722 3272 in
1749 3229 1939 3272 omnibus
1970 3224 2137 3270 τούτων
2165 3221 2203 3269 δ’
2233 3225 2426 3283 ἐκφαίνει
2458 3221 2637 3266 πάντων

248 3294 403 3353 χρόνος
427 3290 542 3357 ἦθος
570 3296 754 3343 ἑκάστου
783 3314 860 3355 pro
889 3299 1076 3358 πάντως,
1121 3317 1158 3347 v.
1192 3308 1272 3347 845
1301 3294 1350 3346 εὖ
1379 3302 1457 3357 μέν
1484 3301 1681 3357 κείμενον
1717 3298 1852 3355 ἄνδρα
1891 3301 2033 3350 κακῶς
2061 3299 2199 3353 θέμεν
2229 3293 2409 3352 εὖμαρές
2438 3295 2528 3340 ἔστι
2556 3307 2634 3351 pro

246 3365 399 3424 α’νδρί),
434 3369 494 3413 Sic
531 3370 572 3412 h.
601 3370 627 3414 l.
656 3372 701 3414 in
727 3373 815 3415 cod.
849 3376 903 3415 A
926 3371 1102 3426 πάντως
1130 3387 1174 3419 Se
1206 3375 1295 3419 voci
1326 3373 1450 3418 κακοί
1477 3373 1752 3417 adsimilavitt
1785 3368 1945 3422 πάντες
1973 3370 2110 3413 κακοί.
2169 3373 2214 3412 at
2253 3372 2378 3422 poeta
2420 3379 2556 3423 neque
2586 3363 2638 3412 ού

2353 3442 2374 3474 3
