2930 3880
1459 428 1514 468 20

294 546 472 601 denique
502 547 543 589 in
571 545 659 590 flor.
691 549 759 600 97,
793 550 839 590 11
873 547 952 592 hoc
982 548 1124 592 modo:

825 619 941 674 μίκρ’
971 615 1023 662 &v
1051 620 1231 674 θέλοιμι
1259 619 1330 661 καὶ
1359 618 1461 660 καθ’
1496 613 1659 672 ἡμέραν
1689 615 1801 671 ἔχων

822 691 1032 743 ἄλυπος
1061 689 1247 734 οἰκεῖν
1274 689 1483 744 μᾶλλον
1507 684 1535 745 ἢ
1562 689 1767 732 πλουτεῖν
1794 693 1952 734 νοσεῖν.

292 766 427 810 Poeta
455 766 614 810 scilicet
643 767 892 820 scripserat:

825 836 967 891 σμίκρ’
999 832 1050 878 ἂν
1079 835 1260 890 θέλοιμι
1288 835 1360 877 καὶ
1386 835 1488 878 καθ’
1521 831 1683 891 ἡμέραν
1713 834 1825 890 ἔχων

822 902 991 959 ἄλυπος
1020 905 1155 951 οἰκεῖν
1183 906 1335 961 βίοτον
1366 901 1394 965 ἢ
1422 906 1628 950 πλουτῶν
1657 909 1815 951 νοσεῖν.

292 986 559 1040 grammatici
597 989 741 1029 autem
779 985 833 1028 ad
859 981 1040 1036 θέλοιμι
1069 978 1096 1035 ἢ
1124 983 1445 1037 interpretando
1475 982 1640 1037 μᾶλλον
1679 983 1791 1026 inter
1826 983 1959 1026 lineas
1997 983 2268 1038 scripserunt,
2311 996 2394 1038 quo
2426 999 2509 1030 vox
2539 985 2690 1039 βίοτον

295 1059 464 1102 obtecta
493 1062 570 1111 est,
601 1058 696 1100 hinc
716 1058 758 1099 in
778 1056 954 1108 fior.97,
974 1058 1021 1097 11
1054 1047 1224 1106 ἄλυπος
1256 1052 1392 1098 οἰκεῖν
1423 1054 1612 1109 μᾶλλον;
1643 1067 1694 1099 ea
1721 1055 1814 1108 ipsa
1843 1058 1989 1098 autem
2016 1067 2093 1109 per
2121 1050 2290 1111 τροφήν
2321 1057 2533 1111 explicata
2565 1058 2691 1112 (unde
2752 1103 2759 1120 ἲ

292 1128 419 1171 etiam
447 1123 640 1183 βιοτήν)
682 1126 819 1169 verbis
858 1125 961 1167 καθ’
1001 1121 1166 1183 ᾖμέραν
1206 1122 1330 1181 ἔχων,
1372 1137 1398 1167 a
1426 1125 1576 1178 quibus
1606 1126 1773 1180 longius
1811 1125 2008 1178 distabat,
2052 1126 2226 1180 propius
2255 1127 2426 1170 admota
2455 1131 2532 1179 est,
2581 1129 2692 1171 unde

292 1196 459 1256 τροφὴν
487 1198 669 1242 ἐνοικεῖν
696 1197 861 1251 μᾶλλον
885 1196 928 1239 in
956 1196 997 1239 fl.
1017 1199 1083 1248 97,
1107 1198 1180 1251 11;
1211 1209 1279 1251 ap.
1307 1197 1423 1241 Sext.
1456 1198 1616 1252 Empir.
1643 1190 1814 1240 ἄλυπον
1843 1210 1985 1242 errore
2013 1210 2089 1253 pro
2121 1191 2291 1250 ἷίλυπος
2318 1196 2454 1242 οἰκεῖν
2486 1200 2690 1253 scriptum

291 1276 356 1316 est
385 1276 428 1315 et
456 1271 724 1325 participium
753 1270 875 1313 iuxta
906 1269 1058 1323 βίοτον
1085 1271 1284 1323 positum,
1315 1281 1398 1323 quo
1427 1270 1625 1323 pertinet.
1677 1270 1879 1313 nimirum
1908 1270 2013 1314 haec
2042 1270 2172 1314 verba
2200 1282 2350 1315 versus
2377 1283 2470 1316 esse
2499 1271 2692 1315 librarios

292 1345 360 1398 (ut
389 1345 518 1388 etiam
549 1344 731 1396 primum
759 1342 978 1397 editorem)
1007 1342 1188 1396 fugerat.
1248 1342 1390 1385 Unum
1421 1342 1501 1386 hoc
1528 1343 1620 1386 loco
1649 1341 1805 1386 addere
1837 1342 1982 1386 liceat:
2027 1342 2081 1386 ad
2107 1343 2384 1387 exercendam
2414 1343 2523 1387 hanc
2552 1355 2689 1388 emen-

291 1416 416 1460 dandi
452 1415 661 1459 rationem
701 1427 808 1468 opus
849 1428 943 1459 esse
983 1415 1177 1471 didicisse
1214 1415 1421 1459 rationem
1459 1414 1765 1469 interpretandi
1807 1428 1834 1458 a
1871 1414 2160 1468 grammaticis
2191 1414 2403 1459 veteribus
2445 1415 2690 1460 adhibitam.

290 1490 409 1532 cuius
437 1488 620 1542 cognitio
659 1491 829 1543 praeter
866 1488 1046 1546 multam
1078 1491 1122 1531 et
1150 1487 1398 1543 diligentem
1428 1486 1682 1534 scholiorum
1720 1499 1817 1531 cum
1845 1487 1986 1531 verbis
2021 1488 2275 1541 scriptorum
2308 1488 2589 1532 conlationem
2620 1499 2690 1542 op-

293 1562 395 1605 time
425 1574 478 1604 ex
510 1561 611 1615 ipsis
649 1560 858 1605 codicibus
889 1560 1098 1612 hauritur,
1143 1559 1407 1604 conferendis
1444 1560 1607 1604 scilicet
1644 1570 1772 1612 quam
1810 1559 2002 1613 plurimis
2041 1559 2284 1603 eorumdem
2311 1560 2565 1614 scriptorum
2597 1572 2696 1614 apo-

291 1634 477 1689 graphis.
508 1645 607 1676 nam
637 1634 672 1678 si
704 1634 746 1677 in
774 1633 860 1676 ‘alio
890 1633 1028 1677 codice
1058 1646 1096 1676 v.
1126 1646 1160 1677 c.
1190 1633 1351 1687 legisti:

1396 1702 1494 1751 λόγῳ

827 1751 899 1794 καὶ
927 1748 1012 1807 μὴν
1043 1749 1156 1808 ἔργῳ
1182 1746 1353 1795 κούκέτι
1381 1749 1516 1809 μύθῳ

1002 1821 1190 1860 σαλεύεται

823 1867 949 1923 χθών
977 1867 1231 1915 σεσάλευται

292 1941 335 1984 in
364 1941 468 1984 alio:

823 2016 895 2059 καὶ
921 2013 1007 2072 μὴν
1037 2012 1150 2072 ἔργῳ
1181 2010 1353 2059 κούκέτι
1381 2011 1497 2072 λόγῳ

822 2084 947 2141 χθών
975 2082 1207 2130 σαλεύεται

290 2163 378 2207 sive
407 2163 448 2206 in
482 2175 565 2207 uno
591 2164 727 2219 (Tyrt.
758 2177 824 2220 ap.
853 2164 1075 2220 Lycurg.):

820 2232 1083 2290 τεθνάμεναι
1112 2231 1190 2290 γὰρ
1221 2231 1353 2277 καλὸν
1382 2233 1458 2277 ἐπὶ
1486 2229 1755 2288 προμάχοισι
1782 2228 1976 2277 πεσόντα

880 2301 997 2362 ἄνδρ’
1031 2302 1203 2363 ἀγαθὸν
1229 2306 1335 2360 περὶ
1363 2296 1390 2363 ᾗ
1419 2305 1599 2359 πατρίδι
1618 2300 1910 2360 μαρνάμενον.

291 2378 335 2421 in
365 2378 483 2422 aliis:

1221 2432 1327 2488 περὶ
1355 2434 1408 2490 τῇ
1438 2429 1594 2476 ἑαυτοῦ
1623 2430 1803 2487 πατρίδι
1830 2427 2117 2486 μαρνάμενον.
2151 2466 2154 2467 ⁷

1599 2503 1731 2552 ὑψηλῷ
1754 2501 1857 2550 τόπῳ

293 2553 336 2595 in
365 2553 575 2607 plurimis:
822 2548 1235 2607 προσπασσαλεύσω
1264 2551 1365 2609 τῷδ’
1396 2546 1695 2607 ἀπανθρώπῳ
1723 2547 1865 2607 πάγῳ.

290 2635 400 2678 Sive:
823 2631 938 2678 vr'vd'
971 2626 1048 2678 οὖν
1077 2634 1226 2692 ἐκείνῳ
1256 2636 1344 2686 πᾶς
1374 2650 1440 2687 τις
1467 2632 1610 2679 αἰτίαν
1642 2634 1773 2689 νέμει.

293 2719 335 2762 in
365 2730 448 2761 uno
478 2729 612 2771 eoque
643 2713 949 2763 vetustissimo:
980 2714 1393 2773 προσπασσαλεύσω
1423 2719 1524 2776 τῷδ’
1555 2713 1851 2774 ἀπανθρώπῳ
1881 2712 2022 2773 τόπῳ.

1995 2789 2182 2834 ἐπιτρέπει

292 2841 358 2881 et:
980 2834 1095 2893 τήνδ’
1129 2828 1205 2880 οὖν
1231 2836 1381 2894 ἐκείνῳ
1408 2839 1498 2889 πᾶς
1521 2853 1588 2889 τις
1615 2834 1758 2881 αἰτίαν
1783 2835 1938 2891 τρέπει
1967 2835 2039 2891 (ex
2069 2833 2221 2890 νέμει).

291 2924 336 2963 et
364 2933 530 2964 omnem
562 2921 748 2964 lectionis
780 2920 1029 2964 varietatem
1067 2921 1146 2964 hoc
1185 2921 1310 2964 modo
1350 2924 1488 2965 ortam
1526 2921 1659 2965 oculis
1698 2932 1748 2964 ac
1784 2923 1927 2964 mente
1963 2923 2214 2973 prosecutus
2243 2932 2301 2971 es,
2347 2923 2519 2975 praeter
2550 2922 2690 2965 varias

292 2993 531 3036 litterarum
562 2993 883 3048 depravationes
916 2994 1045 3036 etiam
1082 2993 1337 3048 multiplices
1373 2994 1597 3037 verborum
1629 2992 1962 3057 permutationes
1998 3003 2230 3047 earumque
2266 3004 2418 3036 causas
2445 2994 2512 3037 >ita
2539 3004 2691 3049 cogno-

295 3066 417 3118 veris,
462 3070 510 3109 ut
546 3065 625 3109 hoc
662 3066 746 3109 arti
787 3066 958 3109 criticae
995 3066 1254 3110 factitandae
1291 3065 1492 3110 adhibere
1522 3065 1671 3120 possis.
1715 3063 1846 3107 'Nulli
1874 3066 2016 3108 autem
2047 3065 2143 3108 usui
2177 3068 2253 3116 est,
2303 3064 2416 3119 quod
2445 3067 2534 3109 tam
2564 3078 2690 3120 saepe

295 3137 382 3180 fieri
415 3139 558 3182 video:
602 3151 654 3181 ex
684 3138 850 3192 ingenio
885 3139 961 3182 sibi
998 3138 1157 3192 fingere
1194 3139 1565 3193 interpretationes
1601 3136 1928 3192 qualescumque
1962 3135 2096 3189 iisque
2136 3137 2314 3191 sumptis
2354 3137 2690 3182 emendationem

295 3214 517 3264 temptare.
548 3211 660 3264 quod
691 3210 975 3255 Weckleinius
1003 3223 1170 3266 quoque
1199 3223 1335 3265 nuper
1364 3211 1465 3256 fecit
1492 3210 1536 3253 in
1566 3208 1716 3253 studiis
1745 3207 1984 3261 Euripideis
2000 3207 2281 3252 -festinatione
2309 3210 2457 3264 plenis,
2488 3210 2559 3252 ubi
2590 3210 2688 3254 dum

295 3282 392 3325 huic
422 3282 670 3326 emendandi
706 3283 858 3326 rationi
888 3283 1069 3327 facunde
1105 3285 1411 3338 patrocinatur,
1456 3283 1650 3338 πέμπειν
1680 3292 1756 3334 per
1785 3273 1927 3322 ὠθεῖν
1955 3280 2213 3333 explicatum
2244 3292 2338 3325 esse
2364 3285 2526 3333 narrat,
2564 3278 2691 3335 ἕτερα

296 3363 373 3404 per
402 3344 540 3405 ἄδικα,
570 3349 745 3406 κάμνειν
773 3365 848 3408 per
875 3349 1171 3410 μεταβάλλειν,
1220 3355 1274 3398 al.
1304 3355 1408 3408 simt,
1450 3366 1623 3408 prorsus
1658 3352 1883 3395 arbitrarie
1920 3355 1966 3395 et
1992 3352 2213 3396 inutiliter.
2273 3353 2395 3404 Quod
2427 3364 2510 3396 uno
2538 3353 2688 3397 saltem

298 3424 491 3477 exemplo
521 3425 742 3470 ostendere
770 3425 907 3469 liccat.
956 3426 1102 3480 Eurip.
1129 3426 1281 3470 Troad.
1311 3440 1349 3470 v.
1371 3429 1451 3469 353
1469 3424 1585 3479 seqq'.
1620 3425 1662 3468 in
1692 3423 1808 3467 libris
1838 3423 2014 3478 legitur:
