2930 3880
1433 374 1521 413 *18

302 493 463 547 πάντες
490 493 616 538 κακοὶ
642 506 778 549 neque
805 488 857 536 οὗ
885 490 1062 546 πάντως
1089 493 1212 536 κακοὶ
1241 493 1348 537 dixit
1378 494 1624 544 (utrumque
1669 492 1852 536 alienum
1895 506 1921 537 a.
1963 494 2201 548 sententia),
2246 494 2318 537 sed
2364 492 2445 536 οὐκ
2468 488 2605 548 ἀρχήν
2637 528 2647 537 .
2682 528 2691 537 .

305 563 569 624 ἕκγαστρόςε
636 595 639 604 ‹

1203 649 1347 675 πανῒως

840 685 919 729 Τοὶ
947 686 1072 728 κακοὶ
1103 678 1180 736 οὔκ
1208 679 1340 740 ἀρχὴν
1368 680 1493 738 κακοὶ
1517 681 1563 725 ἐκ
1591 679 1775 737 γαστρὸς
1802 680 2022 739 γεγόνασιν
2050 701 2087 727 κ.
2117 701 2153 729 τ.
2183 686 2218 729 λ.

436 759 528 814 Est,
574 760 647 803 ubi
687 772 740 802 ex
782 759 1076 812 dittographia‚
1124 770 1232 810 quae
1273 756 1357 797 iam
1401 754 1443 796 in
1485 754 1691 798 codicibus
1730 755 1962 810 legebatur,
2011 769 2163 800 novum
2195 758 2339 801 vitium
2369 762 2508 801 ortum
2541 760 2619 808 est,
2647 756 2694 799 cf.

303 845 341 876 v.
374 836 480 876 1157
514 845 648 888 seqq:
915 886 917 890 ,
1319 821 1322 823 ⁵
1493 884 1494 887 Ἰ

839 904 1039 953 Πλοῦτος
1069 901 1140 944 καὶ
1168 900 1303 958 σοφίη
1334 901 1517 955 θνητοῖς
1547 893 1829 951 ἀμαχώτατον
1857 894 1962 940 αἰεί·

896 973 994 1016 οὔτε
1027 969 1105 1028 γὰρ
1136 968 1187 1013 ὂῖν
1216 970 1410 1013 πλούτου
1441 963 1584 1028 θυμὸν
1614 965 1947 1024 ὖπερκορέσαις·

836 1040 899 1094 αἶς
927 1043 963 1085 δ’
996 1039 1139 1092 αὕτως
1161 1041 1321 1099 σοφίην
1345 1037 1368 1082 ὁ
1390 1037 1650 1097 σοφώτατος
1674 1035 1757 1083 ου’ν.
1777 1035 2035 1105 οἷποφεύγει,

889 1108 979 1156 ἀλλ’
1012 1111 1173 1168 ἔραται,
1203 1109 1351 1167 θυμὸν
1379 1113 1416 1155 δ’
1447 1110 1498 1155 οὐ
1527 1108 1701 1155 δύναται
1729 1113 1909 1157 τελέσαι.

306 1193 433 1237 Codd.
464 1191 664 1245 Theogn.,
695 1189 767 1241 qui
796 1188 900 1230 duos
928 1187 1088 1240 priores
1117 1199 1263 1229 versus
1294 1198 1376 1228 non
1408 1185 1576 1238 habent,
1610 1186 1650 1228 in
1680 1190 1832 1239 quarto
1862 1187 1973 1239 quod
1994 1187 2116 1230 modo
2137 1188 2284 1242 scripsi
2299 1189 2518 1234 exhibent:
2552 1189 2697 1246 θυμὸν

305 1267 341 1308 δ’
380 1259 431 1307 οὗ
464 1260 638 1306 δύναται
666 1259 850 1313 τελέσαι,
879 1259 1104 1302 Stobaeus:
1149 1258 1296 1313 θυμὸν
1324 1258 1360 1301 δ’
1394 1251 1446 1299 οὗ
1478 1254 1653 1300 δύναται
1680 1257 1866 1312 κορέσαι.
1924 1260 2091 1303 Scilicet
2119 1265 2245 1314 poeta
2271 1263 2436 1317 scripsit
2463 1263 2571 1305 κατὰ
2598 1266 2698 1308 νοῦν

305 1338 341 1380 δ’
374 1331 426 1379 οὗ
455 1332 631 1378 δύναται
659 1331 840 1375 τελέσαι.
874 1331 950 1382 hie,
983 1343 1077 1373 cum
1107 1331 1376 1384 praecederet
1392 1327 1539 1384 θυμὸν
1559 1324 1638 1383 οὐχ
1660 1327 1985 1385 ὑπερκορέσαις,
2002 1333 2204 1375 variando
2226 1335 2379 1387 aliquis
2393 1337 2697 1392 superscripsit,

304 1408 451 1464 θυμὸν
478 1408 517 1449 δ’
547 1401 597 1449 οὐ
627 1403 802 1449 δύναται
831 1402 1019 1456 κορέσαι,
1063 1405 1106 1445 et
1145 1415 1198 1445 ex
1225 1402 1304 1444 hac
1342 1402 1631 1457 dittographia
1660 1404 1836 1446 mixtum
1877 1408 1953 1457 est,
1993 1405 2103 1457 quod
2144 1406 2260 1449 codd.
2297 1406 2480 1461 Theogn.
2518 1408 2696 1453 habent:

305 1477 452 1534 θυμὸν
480 1476 519 1522 δ’
551 1473 602 1522 οὗ
634 1476 811 1521 δύναται
843 1474 1025 1518 τελέσαι.
1083 1480 1209 1529 poeta
1239 1475 1455 1529 eleganter
1484 1476 1684 1519 variavit:

836 1548 1030 1598 πλοῦτος
1059 1547 1132 1589 καὶ
1159 1547 1293 1604 σοφίη
1323 1550 1507 1603 θνητοῖς
1537 1544 1823 1602 ἀμαχώτατον
1849 1547 1953 1592 aiei·

894 1620 993 1663 οὕτε
1024 1617 1106 1676 γάρ
1141 1616 1191 1661 ἂν
1220 1617 1414 1663 πλούτου
1446 1618 1595 1676 θυμόν
1623 1618 1959 1681 ὖπερκορέσαις’

838 1689 899 1744 ὠς
929 1693 964 1735 δ’
994 1690 1136 1743 αὕτως
1164 1692 1324 1749 σοφίην
1345 1689 1369 1735 ὁ
1390 1689 1651 1750 σοφώτατος
1671 1688 1755 1737 οὔκ
1782 1689 2038 1754 ἀποφεύγει,

892 1760 986 1807 ἄλλ’
1020 1763 1184 1820 ἔραται,
1214 1762 1322 1807 κατὰ
1350 1767 1449 1808 νοῦν
1479 1766 1515 1808 δ’
1551 1761 1602 1807 οὗ
1633 1763 1809 1809 δύναται
1838 1767 2019 1812 τελέσαι.

310 1839 378 1894 (cf.
411 1852 450 1882 V.
483 1841 564 1882 350
594 1838 670 1881 ἐπί
696 1841 733 1879 τ’
771 1834 933 1888 ἐσθλὸς
977 1838 1126 1891 ὄροιτο
1166 1837 1347 1892 δαίμων,
1389 1833 1437 1889 ὃς
1472 1833 1566 1880 κατ’
1595 1835 1699 1893 ἐμὸν
1738 1842 1844 1882 νοῦν
1882 1840 2068 1884 τελέσειε
2107 1838 2242 1895 τάδε).
2302 1843 2394 1885 Tali
2435 1844 2698 1896 aequatione,

306 1924 434 1965 quam
463 1924 489 1955 a
520 1910 806 1966 grammaticis
835 1911 1064 1954 exercitam
1096 1923 1188 1956 esse
1219 1922 1303 1954 non
1329 1912 1474 1965 paucis
1501 1911 1602 1954 locis
1631 1912 1761 1956 oculis
1790 1913 1880 1967 ipse
1900 1915 2004 1958 meis
2026 1915 2108 1957 vidi
2131 1915 2176 1957 in
2196 1915 2419 1966 codicibus,
2447 1914 2606 1960 factum
2636 1918 2701 1959 est

306 1985 448 2038 etiam,
477 1988 527 2027 ut
556 1984 749 2038 Aeschyl.
775 1984 987 2026 Prometh.
1019 1983 1068 2027 vj
1096 1987 1202 2026 1034
1232 1995 1345 2038 seqq.
1375 1985 1433 2027 sic
1464 1985 1518 2027 ad
1549 1997 1625 2028 nos
1656 1986 1946 2039 pervenerint:

832 2052 950 2110 Ἕρμ.
1612 2056 1665 2100 σύ
1696 2057 1743 2100 δὲ

974 2124 1194 2171 πάπταινε
1225 2129 1296 2171 καὶ
1327 2125 1530 2186 φρόντιζε
1560 2130 1658 2186 μηδ’
1687 2125 1902 2172 αὐθαδίαν

968 2195 1195 2255 εὐβουλίας
1217 2195 1407 2255 ἀμείνον’
1448 2198 1584 2258 ἡγήσῃ
1615 2201 1737 2244 ποτέ.

836 2275 946 2325 Χορ.
967 2268 1069 2328 ἡμῖν
1097 2270 1175 2326 μὲν
1201 2269 1364 2328 εΕρμῆς
1393 2267 1471 2315 οὐκ
1500 2272 1659 2327 ἄκαιρα
1686 2273 1886 2330 φαίνεται

967 2344 1123 2398 λέγειν·
1152 2337 1288 2400 ὄῖνωγε
1319 2341 1396 2400 γάρ
1428 2360 1476 2387 σε
1504 2342 1581 2401 τὴν
1613 2339 1831 2388 αὐθαδίαν

966 2415 1143 2471 μεθέντ’
1173 2418 1347 2471 ἐρευνᾶν
1374 2413 1454 2472 τήν
1482 2414 1629 2474 σοφήν
1659 2412 1901 2471 εὐβουλίαν.
2527 2471 2530 2474 ¹

307 2490 400 2532 Hae
433 2489 703 2544 repetitiones
733 2490 885 2543 quibus
929 2488 1080 2533 chorus
1110 2491 1257 2533 eadem
1285 2491 1437 2544 quibus
1466 2491 1699 2533 Mercurius
1728 2490 1850 2534 modo
1881 2504 1981 2534 usus
2009 2493 2074 2535 est
2121 2491 2249 2534 verba
2277 2491 2527 2535 Prometheo
2573 2493 2701 2536 rumi-

306 2565 448 2614 natur,
485 2561 528 2603 in
564 2561 725 2605 codices
770 2566 935 2606 nostros
969 2563 1254 2616 inrepserunt,
1307 2564 1419 2615 quod
1461 2563 1559 2605 olim
1601 2564 1902 2616 grammaticus
1948 2565 2059 2607 male
2103 2563 2275 2607 sedulus
2318 2564 2453 2608 verbis
2502 2565 2701 2608 Mercurii

309 2634 424 2677 chori
452 2634 579 2676 verba
606 2634 918 2696 superscrIpsit
986 2634 1220 2677 Mercurius
1249 2635 1500 2678 sententiam
1532 2634 1805 2688 eloquebatur
1834 2636 1969 2688 magis
1998 2637 2040 2685 in
2069 2637 2310 2679 universum
2355 2636 2523 2689 dictam,
2571 2649 2699 2691 quam

310 2707 459 2749 chorus
498 2706 593 2748 dein
629 2707 798 2761 propius
837 2707 889 2749 ad
921 2706 1162 2750 Promethei
1203 2720 1269 2750 res
1310 2708 1671 2752 adcommodabat.
1743 2707 1821 2751 hoc
1860 2708 1923 2751 vel
1971 2708 2013 2750 in
2055 2709 2158 2762 ipsis
2202 2709 2341 2753 verbis
2377 2709 2515 2752 adhuc
2555 2709 2701 2770 dispici

308 2781 458 2832 potest.
515 2791 612 2821 nam
642 2779 769 2821 verba
798 2774 1015 2821 πάπταινε
1046 2778 1117 2822 καὶ
1154 2776 1355 2837 φρόντιζε
1404 2793 1554 2823 manca
1582 2783 1626 2823 et
1655 2779 1887 2834 inperfecta
1916 2785 2025 2833 sunt,
2070 2781 2287 2833 dicebatur
2326 2778 2530 2838 φρόντιζε
2558 2780 2617 2838 μὴ
2648 2815 2658 2825 .
2691 2815 2700 2823 .

310 2846 448 2907 ἡγήσῃ
475 2849 599 2894 ποτέ.
644 2854 740 2905 post
767 2847 826 2908 μὴ
857 2850 1168 2895 substantivum
1199 2852 1344 2895 littera
1374 2856 1630 2913 consonante
1659 2853 1857 2906 incipiens
1887 2854 2156 2913 sequebatur,
2194 2850 2296 2908 μήδ’
2327 2857 2498 2908 propter
2527 2866 2700 2908 sequen·

310 2928 397 2967 tem
427 2924 614 2966 vocalem
643 2924 845 2977 scriptum
879 2927 955 2967 est.
1014 2924 1163 2978 Itaque
1191 2937 1301 2977 quae
1333 2925 1493 2968 codices
1523 2925 1679 2968 habent
1708 2926 1786 2969 hoc
1815 2924 1902 2969 fere
1929 2926 2050 2968 modo
2080 2931 2174 2970 orta
2204 2939 2296 2970 esse
2324 2927 2410 2970 aio:
2442 2923 2494 2970 m>
2519 2927 2566 2971 δὲ

1548 2996 1732 3033 αὐθαδίαν

840 3039 1058 3085 πάπταινε
1088 3043 1159 3086 καὶ
1188 3040 1391 3101 φρόντιζε
1419 3041 1479 3101 μή
1512 3044 1770 3099 δυσβουλίαν

880 3113 918 3149 εὖ
945 3117 1044 3150 ovila

842 3120 1098 3219 φροβνήσειῖς
1132 3157 1320 3217 ἀμείνον’
1352 3158 1487 3220 ἡγήσῃ
1514 3163 1639 3206 ποτέ.

315 3231 394 3274 Est
422 3230 597 3275 forsitan
634 3232 707 3286 qui
738 3244 791 3276 ne
820 3246 941 3287 posse
971 3235 1138 3288 quidem
1166 3235 1400 3279 huiusmodi
1430 3238 1533 3280 vitia
1564 3237 1697 3280 inesse
1726 3236 1836 3279 dicat
1867 3236 1908 3278 in
1939 3235 2077 3279 codice
2108 3235 2307 3287 Mediceo‚
2353 3237 2425 3289 qui
2454 3250 2505 3280 ex
2537 3239 2703 3281 vetusto

314 3303 455 3346 codice
484 3304 635 3349 litteris
662 3305 902 3349 maiusculis
932 3311 1106 3351 exarato
1133 3307 1368 3363 descriptus
1397 3309 1465 3352 sit.
1522 3309 1562 3351 Is
1604 3308 1734 3362 igitur
1775 3320 1813 3351 v.
1844 3320 1876 3349 c.
1917 3320 1971 3350 ex.
1999 3308 2234 3351 conlatione
2274 3308 2390 3351 codd.
2421 3309 2578 3362 Vergil.
2605 3308 2702 3353 Rib-

316 3374 517 3421 beckiana
555 3378 700 3430 discat,
736 3379 864 3422 etiam
907 3378 1060 3423 litteris
1088 3381 1330 3426 maiusculis
1370 3373 1740 3436 grammaticorum
1770 3380 2064 3423 adnotationes
2105 3381 2206 3424 item
2236 3381 2477 3424 maiusculis
2505 3383 2703 3424 exaratas
