2930 3880
1500 194 1559 239 18

323 314 426 361 οἷσοῖ
457 312 588 373 ἤγουν
615 318 769 370 λυποῦ,
801 320 897 363 Hes.
922 315 1134 376 ἆσωμένη,
1163 321 1424 376 λυπουμένη.
1454 315 1651 377 οἷσηθείς,
1683 322 1930 378 λυπηθείς),
1961 337 1999 366 v.
2022 327 2097 366 122
2127 322 2310 378 ψυὸρός,
2341 326 2379 368 Κ
2409 324 2591 382 ψευδής,
2621 319 2713 377 cet.⁹

327 392 402 434 sed
433 392 540 433 aliae
573 403 737 444 quoque
775 395 909 436 omnis
946 394 1111 447 generis
1145 394 1298 438 turbae
1336 398 1456 438 ortae
1498 395 1608 441 sunt,
1650 392 1701 437 cf.
1730 407 1769 436 v.
1799 398 1879 437 593
1909 409 1963 439 m.
1993 397 2035 450 1.,
2072 397 2143 439 ubi
2181 410 2234 440 ex
2264 410 2363 440 voce
2392 400 2573 451 genuina
2606 394 2714 453 οἷσῶ,

326 463 580 517 glossemate
609 463 749 506 λυποῦ
782 469 826 508 et
857 469 1057 518 sequente
1087 465 1180 521 λίην
1209 469 1348 509 ortum
1385 468 1449 507 est
1487 464 1599 516 quod
1635 465 1804 518 plurimi
1841 468 2000 511 codices
2027 469 2186 512 habent
2221 466 2327 526 μήτε
2363 472 2534 512 κακοῖσι
2574 473 2714 514 νοσῶν

325 536 479 588 λυποῦ,
521 535 557 578 O
585 538 755 579 κακοῖσι
788 538 994 579 νοσοῦντα
1023 538 1178 592 λυποῦ,
1208 542 1252 581 et
1280 549 1317 579 V.
1353 539 1443 585 102,
1481 535 1551 576 ubi
1582 538 1617 578 A
1654 536 1698 578 τί
1731 537 1766 579 δ’
1809 536 1897 581 ἔπ’
1934 533 2096 597 ὄφελος
2133 538 2275 592 δειλὸς
2314 539 2420 598 ἀνήρ
2452 541 2581 599 φίλος
2613 536 2713 596 α’ίν;,

324 610 339 651 i
362 605 493 659 κακὸς
511 602 629 664 ἆνήρ,
648 610 817 662 plurimi
838 611 980 660 κεῖνος
999 606 1116 664 ἀνήρ,
1150 610 1194 651 Κ-
1216 609 1250 662 γ’
1281 604 1410 649 ὄτταν
1438 601 1556 661 ἀνήρ.
1587 608 1812 661 Bergkius:
1836 606 1960 654 ‘latet
1989 611 2052 653 hic
2086 613 2262 665 antiqua
2292 607 2553 666 corruptela’.
2593 613 2712 656 Scili-

325 685 391 724 cet
417 678 560 732 δειλός
583 693 664 724 vox
692 682 874 735 genuina
906 686 983 734 est,
1012 678 1142 731 κακός
1170 679 1466 733 interpretatio
1495 679 1696 733 vulgaris,
1724 683 1867 731 κεῖνος
1895 695 1946 724 ex
1981 681 2160 737 utraque
2190 685 2381 728 mixtum.
2417 682 2521 727 ὅταν
2548 686 2659 740 quod
2675 685 2713 728 K

323 754 464 805 habet,
497 754 708 808 particula
738 754 1095 806 interpretationis
1123 756 1189 796 est
1218 763 1302 804 qua
1328 751 1538 804 participii
1570 752 1632 794 vis
1661 753 1969 805 explicabatur:
2008 753 2051 795 τί
2078 756 2114 797 δ’
2145 754 2235 799 ἔστ’
2265 751 2438 813 ὄφελος,
2472 754 2497 800 ὅ
2506 773 2600 799 ταν
2629 758 2712 800 δει-

324 820 400 874 λδς
430 818 535 879 ἀνὴρ
566 824 695 881 φίλος
727 815 766 882 ᾖ.
810 827 1032 876 postquam
1064 818 1169 863 ὅταν
1196 822 1332 865 locum
1362 824 1473 866 vocis
1502 819 1645 873 δειλὸς
1674 824 1904 876 occupavit,
1934 827 2113 869 correxit
2142 827 2294 881 aliquis
2328 834 2499 882 propter
2528 834 2711 873 metrum

323 896 359 951 γ’
391 892 532 938 ὄτταν.
572 897 706 938 simile
734 899 798 938 est
821 895 931 947 quod
960 896 1000 935 in
1030 907 1067 936 V.
1102 897 1206 935 1173
1235 885 1273 935 ὦ
1300 891 1441 949 μάκαρ
1472 891 1592 945 ὅστις
1621 891 1674 950 δή
1702 911 1776 948 μιν
1806 893 1893 948 ἔχει
1924 897 2094 953 φρεσὶν,
2122 893 2151 953 ἣ
2181 897 2293 941 πολὺ
2322 901 2535 954 κρείσσων
2564 902 2640 945 ΚΟ
2670 907 2713 945 et

325 969 377 1012 al.
412 982 488 1022 pro
521 963 550 1023 ἣ
587 969 741 1012 habent
778 966 885 1009 ἐπεί.
944 966 1064 1017 Quod
1101 979 1138 1009 v.
1169 970 1251 1009 497
1288 960 1482 1023 ἶίφρονος
1517 961 1674 1021 ἀνδρὸς
1710 964 1832 1020 ὁμῶς
1860 968 1932 1010 καὶ
1960 965 2191 1025 σώφρονος
2221 965 2350 1023 οἶνος,
2381 969 2484 1014 ὅταν
2516 971 2566 1029 δὴ
2607 973 2710 1030 πίνῃ

323 1039 435 1094 ὑπὲρ
464 1040 634 1095 μέτρον,
665 1043 830 1096 κοῦφον
863 1037 998 1095 ἔθηκε
1034 1035 1137 1081 νόον
1171 1052 1236 1094 ap.
1266 1039 1495 1083 Stobaeum
1533 1041 1707 1093 legitur:
1747 1034 1941 1098 ἄφρονος
1968 1035 2124 1095 ἀνδρὸς
2152 1035 2256 1096 ὅῖγαν
2285 1059 2322 1085 κ.
2352 1059 2389 1085 τ.
2420 1044 2472 1098 λ.,
2501 1047 2714 1097 putaverit

324 1114 417 1166 quis
447 1126 501 1156 ex
531 1109 620 1166 ἅμα
646 1116 888 1166 corruptum
918 1124 1025 1155 esse.
1074 1112 1340 1156 verisimilius
1369 1114 1435 1154 est
1462 1112 1569 1154 illud
1598 1124 1692 1154 cum
1724 1114 2052 1167 superscriptum
2089 1113 2216 1157 fuerit
2249 1115 2386 1158 verbis
2416 1112 2526 1170 ὑπὲρ
2554 1115 2714 1171 μέτρον

323 1186 366 1227 in
389 1197 557 1228 versum
581 1185 835 1237 superiorem
857 1184 1092 1237 inrepsisse.
1125 1183 1245 1234 Quod
1267 1197 1302 1227 v.
1321 1187 1401 1237 226
1430 1196 1506 1236 pro
1535 1186 1598 1239 τῷ
1623 1183 1670 1226 δὲ
1697 1184 1980 1226 δολοπλοκίαι
2006 1185 2173 1238 μᾶλλον
2199 1179 2379 1229 ἄπιστοι
2406 1183 2511 1228 ἅδον
2537 1201 2602 1241 ap.
2621 1188 2714 1231 Sto-

320 1257 474 1299 baeum
508 1257 659 1308 legitur
698 1255 859 1309 μᾶλλον
898 1252 956 1298 ἔτ’
999 1253 1084 1298 εἶσὶ
1123 1254 1246 1311 φίλαι
1282 1256 1453 1310 (Bergk.
1482 1253 1581 1299 ‘non
1618 1262 1741 1309 recte,
1777 1258 1849 1300 sed
1878 1257 2044 1300 videtur
2075 1247 2140 1300 hic
2169 1259 2314 1301 vitium
2349 1259 2621 1313 delitescere‘)
2654 1261 2714 1304 sic

920 1330 1026 1362 εἰσὶ
1066 1330 1214 1375 φίλαι
2515 1350 2522 1357 ,
2710 1363 2712 1365 .

321 1382 462 1419 ortum
492 1375 678 1418 videtur:
718 1375 880 1428 μᾶλλον
910 1368 1090 1418 ἄπιστοι
1119 1371 1247 1424 ἅδον·
1297 1378 1520 1429 postquam
1551 1376 1748 1420 librarius
1776 1376 1939 1430 μᾶλλον
1968 1374 2051 1420 εἶσὶ
2081 1377 2203 1435 φίλαι
2237 1378 2416 1430 scripsit,
2449 1376 2507 1420 ἔτ’
2540 1383 2714 1433 propter

323 1453 503 1492 metrum
535 1449 723 1491 additum
754 1452 829 1499 est,
864 1453 912 1491 ut
942 1449 1119 1502 saepius.
1152 1449 1200 1491 V.
1235 1451 1312 1490 156
1341 1446 1438 1502 μηδ’
1469 1440 1767 1502 ἆχρημοσύνην
1796 1442 2031 1503 οὐλομένην
2060 1444 2258 1503 πρόφερε
2290 1461 2344 1491 ex
2369 1449 2714 1503 interpretatione

321 1518 456 1577 κακήν
487 1535 552 1576 ap.
586 1522 813 1564 Stobaeum
844 1518 1003 1573 Κύρνε,
1042 1518 1174 1578 κακὴν
1205 1521 1359 1572 extitit,
1391 1521 1500 1572 quod
1532 1521 1574 1562 in
1605 1520 1723 1562 Voss.
1753 1520 1796 1562 in
1832 1516 2016 1575 κυκακὴν
2043 1520 2312 1563 decurtatum
2345 1525 2423 1564 est.
2481 1522 2530 1564 In
2561 1535 2599 1563 v.
2634 1525 2711 1565 150

322 1591 472 1647 Kivpv’·
503 1589 658 1650 ἀρετῆς
688 1593 724 1636 δ’
759 1588 919 1648 ὀλίγοις
946 1588 1130 1648 ἀνδράσι
1157 1594 1274 1647 μοῖρ’
1307 1590 1461 1635 ἕπεται
1492 1591 1571 1647 (Sic
1589 1591 1645 1645 A)
1679 1596 1903 1646 postquam
1933 1604 1983 1634 ex
2011 1604 2126 1634 more
2154 1595 2527 1645 grammaticorum
2558 1588 2712 1651 ἀρετῆς

320 1668 455 1720 μοῖρα
482 1679 557 1720 per
586 1662 611 1723 ἡ
643 1659 774 1720 ἀρετή
808 1666 1062 1720 explicatum
1092 1669 1166 1718 est,
1198 1665 1341 1707 extitit
1370 1665 1482 1717 quod
1510 1664 1639 1707 ceteri
1667 1663 1846 1707 habent:
1876 1660 1901 1722 ἡ
1931 1664 1966 1706 δ’
1999 1657 2129 1720 ἀρετὴ
2163 1659 2322 1720 ὀλίγοις
2352 1661 2544 1721 ἀνδράσι,
2566 1664 2712 1722 Κέρν’,

322 1735 489 1780 ἕπεται.
517 1738 659 1780 Etiam
687 1738 1012 1780 conlocationem
1043 1736 1266 1780 verborum
1296 1737 1522 1791 genuinam
1551 1736 1606 1778 ad
1635 1747 1823 1778 normam
1853 1735 2006 1789 logices
2038 1737 2239 1779 directam
2270 1738 2639 1791 deprehendimus:
2671 1740 2713 1782 in

322 1823 359 1852 v.
392 1812 470 1852 367
501 1822 577 1863 pro
610 1803 752 1851 ἀστῶν
789 1809 825 1851 δ”
865 1803 915 1851 οὗ
945 1805 1126 1863 δύναμαι
1167 1810 1323 1864 γνῶναι
1357 1805 1458 1851 νόον
1493 1804 1620 1850 ὅντιν’
1657 1805 1827 1861 ἔχουσιν
1861 1809 1902 1850 in
1933 1809 2039 1863 plur.
2069 1809 2187 1852 codd.
2220 1811 2397 1863 legitur:
2439 1805 2490 1852 οὗ
2530 1807 2713 1866 δύναμαι

320 1884 477 1938 γνῶναι
506 1879 607 1925 νόον
635 1875 792 1932 οἰστῶν,
821 1895 856 1923 v.
895 1885 971 1923 117
1001 1894 1075 1936 pro
1106 1877 1309 1938 κιβδήλου
1341 1881 1377 1923 δ’
1410 1875 1565 1934 ἀνδρὸς
1592 1882 1747 1936 γνῶναι
1773 1877 2078 1935 χαλεπώτερον
2106 1875 2235 1924 οὐδὲν
2271 1884 2310 1925 in
2341 1883 2380 1925 K
2406 1879 2712 1938 χαλεπώτερον

323 1947 447 1996 οὐδὲν
476 1954 642 2008 γνῶναι,
670 1955 748 1995 cet.
789 1952 855 1995 Sic
885 1964 1050 2005 quoquo
1078 1954 1334 1995 converteris
1361 1953 1515 2006 oculos,
1546 1955 1920 2008 interpretamenta
1948 1966 2176 2007 eorumque
2200 1955 2281 1996 vim
2315 1955 2615 2008 corruptricem
2642 1957 2713 2000 de-

322 2026 569 2080 prehendes.
623 2025 736 2068 haud
776 2026 906 2079 igitur
946 2026 1037 2067 iure
1073 2027 1164 2079 quis¹
1201 2026 1534 2068 emendationem
1573 2026 1667 2068 inde
1703 2029 1885 2068 sumtam
1919 2026 1970 2068 ab
2000 2026 2065 2069 his
2099 2028 2347 2080 fragmentis
2377 2028 2588 2081 defendat,
2627 2030 2711 2071 imo

322 2111 405 2141 non
449 2101 626 2152 possunt
664 2102 706 2139 et
739 2098 812 2139 illa
851 2098 903 2139 ad
945 2110 1125 2151 unguem
1163 2099 1316 2151 corrigi
1350 2099 1431 2141 nisi
1468 2099 1592 2141 huius
1619 2098 1786 2153 'quoque
1821 2099 2063 2141 mendorum
2095 2098 2222 2141 fontis
2253 2101 2332 2142 rite
2362 2100 2506 2142 habita
2535 2102 2709 2143 ratione.

322 2171 529 2224 Exempla
557 2170 677 2213 dabo.
736 2170 783 2210 In
816 2182 852 2210 v.
887 2172 965 2211 597
997 2170 1171 2223 legitur:

851 2271 943 2330 Δὴν
973 2271 1024 2332 δὴ
1055 2274 1123 2316 καὶ
1155 2275 1277 2331 φίλοι
1307 2266 1442 2328 ὦμεν·
1474 2271 1581 2328 ἆτὰρ
1614 2274 1650 2316 τ’
1681 2269 1831 2328 (αὐτάρ
1858 2275 1914 2328 τ’)
1945 2269 2138 2317 ἄλλοισιν
2167 2271 2310 2329 ὁμίλει

911 2339 1128 2400 α’νδράσιν,
1158 2344 1206 2388 οἳ
1231 2344 1310 2389 τὸν
1340 2344 1419 2389 σόν
1450 2347 1618 2400 μᾶλλον
1646 2343 1765 2389 ἴσασι
1794 2343 1906 2389 νόον.

323 2438 367 2478 et
399 2449 433 2477 v.
470 2437 598 2477 1243:

853 2523 941 2580 Δὴν
970 2519 1021 2579 δὴ
1052 2524 1122 2566 καὶ
1150 2524 1273 2581 φίλοι
1303 2515 1438 2578 ὦμεν·
1472 2522 1608 2567 ἔπειτ’
1639 2517 1832 2566 ἄλλοισιν
1868 2520 2020 2575 ὁμίλει,

908 2586 1025 2650 ἦθος
1057 2593 1167 2649 ἔχων
1196 2593 1354 2649 δόλιον,
1386 2596 1566 2647 πίστεος
1594 2590 1842 2638 ἀντίτυπον.

323 2701 391 2743 Ex
429 2701 491 2743 his
524 2701 780 2754 intellegitur
815 2701 855 2742 in
886 2704 1065 2754 utroque
1098 2702 1186 2744 loco
1223 2701 1515 2754 corrigendum
1545 2713 1637 2745 esse
1666 2693 1814 2757 ἄφαρ
1845 2699 1897 2741 δ’.
1952 2713 2049 2742 nam
2078 2702 2117 2742 in
2153 2714 2190 2742 v.
2224 2703 2324 2742 1243
2360 2697 2514 2741 ἔπειτα
2543 2701 2600 2742 nil
2631 2701 2712 2744 nisi

323 2773 616 2827 interpretatio
644 2774 755 2816 vocis
785 2765 917 2829 ἄφαρ,
945 2784 1053 2825 quae
1083 2773 1125 2815 in
1154 2786 1192 2815 v.
1223 2777 1301 2815 597
1334 2774 1484 2815 calami
1515 2786 1657 2816 errore
1685 2773 1726 2815 in
1755 2766 1888 2827 αὐτὰρ
1920 2777 1963 2815 et
1991 2767 2098 2826 ἀτάρ
2130 2774 2246 2825 abiit,
2277 2772 2328 2814 cf.
2359 2773 2549 2825 Apollon.
2583 2772 2708 2827 Soph.

324 2839 446 2902 ἄφαρ
469 2877 478 2887 .
500 2879 508 2887 .
530 2843 628 2887 ,καὶ
650 2838 749 2886 α’ντὶ
776 2846 854 2886 τοῦ
885 2842 1087 2887 ἔπειτα.
1131 2846 1251 2888 Nunc
1280 2847 1407 2888 etiam
1438 2847 1602 2889 initium
1630 2858 1777 2889 versus
1805 2846 1958 2899 corrigi
1986 2848 2126 2899 potest
2157 2845 2318 2887 frustra
2343 2845 2426 2887 huc
2456 2857 2590 2897 usque
2618 2849 2713 2888 ten-

326 2920 484 2960 tatum:
519 2913 871 2972 8011Πθίᾰθνν.δὴν
895 2913 948 2974 δὴ
977 2917 1048 2960 καὶ
1075 2916 1205 2973 φίλοι.
1228 2908 1343 2972 ὦμεν
1371 2911 1536 2972 ἄτερθ’,
1570 2919 1688 2963 Harii.
1710 2913 1949 2972 πόρρωθεν
1977 2916 2098 2974 φίλοι
2129 2908 2259 2970 ὦμεν,
2288 2916 2442 2970 Bergk.
2465 2912 2614 2972 δὴν-δὴ
2636 2913 2709 2973 μή,

327 2989 419 3031 δεῖν
448 2985 516 3044 δὴ,
548 2988 624 3046 λῇς
651 2985 717 3045 δὴ,
746 2987 840 3042 δίην
867 2985 995 3046 δή-
1014 3002 1123 3042 quae
1153 2991 1293 3033 omnia
1324 2991 1444 3043 longe
1473 2991 1628 3034 absunt
1655 2991 1707 3034 ab
1738 3003 1785 3033 eo
1816 2991 1926 3043 quod
1955 2990 2053 3032 olim
2082 2991 2282 3043 scriptum
2312 2992 2422 3031 erat:
2453 2984 2534 3043 δήν
2562 2983 2613 3044 ἢν
2640 2988 2711 3030 καὶ

326 3060 448 3117 φίλοι
486 3051 615 3114 ὦμεν,
659 3061 818 3103 etiamsi
857 3061 928 3104 diu
966 3062 1088 3104 amici
1128 3074 1282 3114 sumus,
1325 3066 1401 3105 cet.
1461 3063 1688 3107 Praeterea
1726 3063 1767 3105 in
1802 3064 1937 3105 altero
1971 3074 2094 3105 versu
2125 3074 2200 3115 pro
2241 3057 2289 3103 οἳ
2322 3057 2398 3102 τὸν
2436 3057 2514 3103 σὸν
2548 3060 2710 3114 μᾶλλον

327 3128 446 3175 ἰ’σασι
475 3129 576 3175 νόον
605 3132 776 3187 (Bergk.
804 3129 985 3187 ‘planius
1011 3133 1122 3177 foret
1148 3134 1311 3188 μᾶλλον
1343 3132 1538 3187 ἔχουσι
1566 3129 1696 3188 νόον’)
1726 3134 1990 3178 scribendum
2023 3134 2187 3176 videtur
2217 3131 2363 3175 ὶσοῦσι
2396 3134 2421 3175 i.
2445 3146 2480 3174 e.
2511 3137 2707 3186 aequant,

325 3206 399 3257 qui
427 3206 563 3258 magis
592 3205 666 3247 tibi
695 3205 850 3248 similes
879 3210 1000 3248 sunt:
