2930 3880
1524 380 1555 422 8,

341 504 617 556 Sententiam,
647 508 853 557 quantum
887 505 987 557 scio,
1026 516 1148 548 nemo
1180 503 1424 547 adcuratius
1455 493 1668 554 explicuit.
1727 501 1845 553 Quae
1877 501 2086 556 Bergkius
2115 501 2355 556 proposuit:
2403 491 2450 541 εὖ
2481 496 2663 553 πάσχων
2689 491 2736 542 εὖ

339 575 459 632 ἕρδε’
490 576 533 617 τί
562 577 597 617 κ’
630 592 666 618 κ.
698 591 735 618 τ.
765 576 801 618 λ.
830 577 918 620 sive
947 567 996 618 εὖ
1026 574 1113 631 ἕρδ’
1147 566 1195 618 εὖ
1224 571 1425 627 πάσχων·
1454 572 1497 614 τί
1525 587 1598 614 κεν
1628 588 1665 614 κ.
1695 589 1732 614 τ.
1761 573 1798 616 λ,
1830 585 1913 617 non
1941 574 2078 628 magis
2108 573 2307 627 intellego
2340 584 2468 625 quam
2500 572 2738 627 vulgatam:

340 661 424 692 non
454 650 563 692 enim
584 650 704 692 video
736 661 872 702 neque
900 649 968 692 hic
994 659 1131 701 neque
1159 648 1244 690 illic
1274 646 1408 688 ullum
1438 645 1754 688 enuntiatorum
1784 657 1954 688 nexum.
1986 645 2247 689 Sententiam
2277 644 2406 687 totius
2436 643 2602 687 distichi
2633 644 2738 687 satis

341 723 559 776 eleganter
597 721 860 765 enuntiatam
896 732 979 763 non
1016 720 1230 763 dubitabis
1263 719 1372 761 hanc
1410 715 1560 760 fuisse:
1614 718 1649 760 si
1680 716 1786 759 bene
1814 716 1931 768 facis,
1977 728 2059 759 non
2090 729 2197 770 opus
2227 720 2294 760 est
2326 716 2456 759 alium
2487 727 2739 770 praeconem

338 795 520 846 mittere,
551 794 772 838 benefacta
801 794 866 836 sui
896 795 1082 846 ipsorum
1113 802 1350 847 praecones.
1379 789 1493 842 Ergo
1520 788 1749 832 tenendum
1779 789 1891 842 quod
1924 791 1975 829 A
2005 788 2130 832 habet
2159 785 2225 831 ἔτι
2252 785 2338 840 (ἔτι
2365 781 2495 830 ἄλλον
2528 780 2736 843 ἄγγελον),

340 879 477 921 neque
516 866 791 920 interrogatio
832 865 913 908 fuit
957 864 1251 918 imperativum
1298 866 1457 914 secuta,
1507 862 1580 905 sed
1625 861 1904 911 enuntiatum,
1954 861 1997 902 in
2035 872 2119 913 quo
2158 872 2303 904 vocem
2345 858 2410 903 ἔτι
2449 872 2533 904 non
2563 860 2737 902 verbum

340 935 511 993 npo'eooe
543 940 630 982 sive
670 934 811 990 πάσχε
841 936 1131 990 praecedebat,
1177 934 1250 977 sed
1286 934 1533 978 adverbium
1568 929 1770 988 περισσά.
1828 932 2024 976 nimirum
2056 944 2133 986 pro
2166 930 2218 974 σὺ
2250 932 2421 986 περίσσ’
2453 932 2613 975 librarii
2643 937 2739 987 post

340 1003 388 1054 εὖ
420 1010 558 1066 ἔρδων
587 1014 760 1065 propter
789 1009 1042 1052 locutionem
1077 1007 1225 1050 tritam
1256 998 1303 1049 εὖ
1333 1007 1497 1062 πρᾶξαι
1532 1006 1655 1050 facile
1684 1005 1924 1061 scribebant
1952 995 1999 1047 εὖ
2031 1000 2214 1058 πράσσε,
2253 1005 2365 1057 quod
2395 1006 2531 1057 ipsum
2564 1008 2660 1058 post
2689 994 2737 1046 εὖ

338 1082 478 1138 ἔρδων
515 1085 556 1126 in
587 1075 634 1125 εὖ
665 1079 804 1134 πάσχε
836 1081 1086 1124 mutandum
1118 1078 1341 1122 videbatur
1370 1080 1649 1133 grammatico
1677 1079 1765 1122 cod.
1798 1079 1847 1131 A,
1888 1079 1973 1131 qui,
2011 1078 2177 1121 etiamsi
2215 1077 2463 1131 plerumque
2500 1078 2737 1120 vetustiora

337 1157 457 1199 nobis
485 1156 669 1205 tradidit,
714 1157 855 1197 tamen
886 1153 953 1196 hic
985 1152 1070 1194 illic
1101 1153 1229 1195 etiam
1258 1151 1311 1194 de
1340 1164 1416 1195 suo
1442 1152 1600 1205 aliquid
1630 1151 1815 1194 mutavit
1845 1154 1974 1203 atque
2001 1150 2200 1203 peccavit.
2258 1150 2408 1202 Itaque
2437 1152 2605 1203 poetam
2636 1150 2734 1191 scri-

336 1231 470 1285 psisse
496 1233 618 1283 puto:
904 1272 918 1291 ³
1159 1278 1168 1290 .
1574 1273 1598 1289 M
1780 1272 1803 1288 Ἡ
1967 1274 1977 1288 Ι

872 1297 918 1323 ευ
949 1279 1088 1335 ἓρδων
1118 1296 1171 1324 συ
1200 1280 1372 1335 περίσσ’
1406 1277 1473 1323 ἔτι
1502 1279 1538 1321 κ’
1570 1279 1747 1334 αγγελον
1775 1278 1905 1321 αλλον
1936 1275 2117 1328 ἱαλλοις·

925 1355 1001 1409 τῆς
1027 1348 1272 1408 εὐεργεσίης
1301 1352 1424 1410 ῥῃδίη
1454 1347 1641 1407 ἄγγελίη.

339 1434 539 1477 Similiter
578 1446 603 1476 a
642 1432 766 1475 simili
803 1444 904 1475 voce
942 1432 1103 1475 librarii
1144 1431 1398 1474 aberrarunt
1438 1431 1480 1472 in
1518 1429 1759 1484 fragmento
1797 1427 2010 1482 Euripidis
2048 1439 2114 1481 ap.
2146 1426 2288 1480 Polyb.
2324 1426 2373 1478 V,
2406 1427 2483 1468 106
2514 1425 2588 1479 (N.
2621 1426 2735 1479 986),

338 1506 406 1549 ubi
439 1507 491 1549 de
521 1505 867 1549 Lacedaemoniis
898 1505 1077 1559 legitur:
1141 1537 1149 1546 .
1183 1537 1192 1547 .
1224 1537 1232 1546 .
1277 1500 1385 1544 κατὰ
1430 1500 1506 1544 τὸν
1534 1496 1773 1556 Εὐριπίδην
1817 1491 1923 1555 ἦσαν
1966 1493 2033 1541 ἀεὶ
2072 1497 2468 1553 πρασίμοχθοί
2512 1497 2740 1554 τινεςκαὶ
2770 1518 2782 1527 =

338 1572 502 1620 οὔποτε
535 1574 683 1632 ἥσυχοι
717 1575 827 1630 δορί,
859 1578 972 1628 quod
1001 1579 1115 1619 recte
1145 1576 1293 1630 opinor
1322 1576 1421 1618 olim
1458 1576 1620 1618 mutavi
1648 1574 1710 1615 in:

1660 1640 1672 1657 2
1703 1646 1712 1658 x

1645 1662 1714 1688 αει

870 1718 1226 1776 περισσόμοχθοι
1253 1713 1446 1762 κοῧποιῪ
1476 1716 1628 1777 ἥσυχοι
1657 1717 1767 1772 δορί.

337 1800 406 1850 (cf.
438 1811 547 1852 quae
574 1800 618 1842 in
649 1799 826 1842 eandem
855 1797 1107 1841 sententiam
1142 1797 1256 1840 dicta
1285 1800 1402 1840 sunt:
1446 1791 1762 1852 περισσόφρων
1791 1794 1986 1848 Aeschyl.
2016 1793 2223 1843 Prom.,v.
2244 1796 2338 1846 328,
2376 1795 2548 1847 βροτῶν
2577 1808 2732 1847 περισ-

337 1872 565 1923 σοκαλλεῖς
587 1873 629 1914 in
658 1871 708 1915 fr.
739 1871 897 1915 Cratin.
928 1871 970 1913 in
997 1869 1131 1913 Bekk.
1161 1869 1304 1913 anecd.
1335 1883 1367 1912 s.
1398 1883 1438 1912 v.
1466 1862 1655 1924 ἆγανόν).

470 2010 598 2066 Aliud
613 2009 709 2052 huic
726 2008 933 2052 distichon
950 2009 1116 2061 addam,
1142 2009 1186 2051 in
1206 2021 1288 2062 quo
1303 2009 1450 2052 itidem
1471 2009 1514 2051 in
1533 2009 1619 2051 una
1636 2020 1736 2051 voce
1755 2007 1992 2050 emendatio
2012 2007 2093 2049 huc
2114 2018 2248 2059 usque
2269 2006 2417 2059 haesit,
2447 2019 2485 2048 v.
2505 2008 2609 2048 1357
2627 2018 2712 2059 seq.
2729 2022 2738 2049 ;

868 2077 977 2123 Λίεἰ
1013 2079 1328 2137 παιδοφίλῃσιν
1353 2078 1428 2123 ἐπὶ
1458 2077 1585 2135 ζυγόν
1613 2074 1758 2133 αὐχένι
1785 2081 1926 2122 κεῖται

929 2149 1172 2207 Δύσμορον,
1200 2147 1408 2208 ἀργαλέον
1436 2155 1586 2208 μνῆμα
1615 2151 1875 2209 φιλοξενίης.

336 2234 419 2275 Pro
450 2227 675 2285 δύσμορον
703 2230 938 2273 Ahrensius
966 2229 1190 2286 δύσλοφον
1216 2229 1408 2280 correxit,
1449 2229 1501 2271 de
1529 2241 1612 2283 quo
1641 2240 1725 2271 non
1753 2227 2032 2272 dubitandum
2062 2228 2241 2278 videtur,
2286 2229 2365 2271 etsi
2392 2228 2529 2281 partis
2559 2227 2738 2271 alterius

337 2305 503 2348 litterae
532 2303 636 2346 satis
664 2302 885 2345 dissimiles
916 2305 1029 2345 sunt.
1060 2302 1132 2344 sed
1163 2302 1322 2344 librarii
1353 2314 1433 2343 non
1466 2313 1562 2344 raro
1584 2313 1707 2344 voces
1737 2301 1872 2355 magis
1892 2300 2092 2354 vulgares
2121 2300 2448 2353 substituerunt,
2481 2300 2550 2343 ubi
2571 2303 2735 2354 poetae,

337 2382 384 2420 ut
413 2379 563 2428 solent,
612 2376 817 2429 imagines
855 2387 954 2419 suas
988 2374 1191 2418 adcurate
1220 2379 1530 2428 expresserant,
1578 2377 1626 2424 ut
1654 2386 1706 2416 ne
1735 2368 1959 2430 δύσφορον
1987 2373 2171 2426 quidem,
2215 2372 2294 2416 etsi
2324 2373 2450 2426 paulo
2481 2373 2654 2427 propius
2684 2373 2739 2416 ad

336 2450 502 2491 litteras
533 2445 714 2490 traditas
743 2445 914 2498 accedit,
947 2444 1272 2498 praeferendum
1302 2445 1454 2488 ducam
1484 2445 1740 2500 (cf.v.1024
1767 2438 1894 2488 οὔπω
1924 2448 2019 2496 τοῖς
2049 2442 2280 2498 ἐχθροῖσιν
2311 2441 2400 2486 ὑπὸ
2433 2441 2556 2500 ζυγὸν
2583 2438 2738 2497 αὐχένα

340 2516 466 2578 θήσω
500 2515 734 2575 δύσλοφον,
781 2532 819 2561 v.
838 2521 920 2560 848
949 2517 1020 2560 καὶ
1049 2514 1223 2575 ζευγλὴν
1255 2514 1477 2575 δύσλοφον
1505 2511 1775 2575 α’μφιτίθει).
1835 2518 1916 2562 Sed
1958 2520 1999 2561 in
2033 2517 2116 2560 fine
2154 2519 2411 2572 pentametri
2442 2529 2522 2561 vox
2556 2518 2738 2571 genuina

336 2593 522 2636 nondum
550 2595 719 2645 reperta
749 2595 826 2634 est.
857 2590 1083 2644 Emperius
1114 2592 1359 2644 proposuit:
1416 2592 1545 2647 μνῆμ’
1578 2585 1856 2646 ἅλιτοξενίης,
1897 2591 2180 2644 Hartungius:
2211 2591 2360 2645 μνῆμα
2392 2586 2736 2647 φιλοφροσύνης,

336 2665 568 2720 Bergkius:
622 2662 802 2718 ‘conieci,
841 2666 988 2718 inquit,
1020 2659 1239 2720 ἀργαλέης,
1281 2664 1355 2706 sed
1385 2667 1610 2716 praeterea
1638 2661 1884 2720 φιλοξενίης
1913 2663 1982 2705 vix
2014 2666 2172 2716 aptum,
2203 2661 2299 2705 fort.
2333 2658 2642 2719 φιλημοσύνης,
2670 2663 2736 2705 vel

337 2734 537 2796 μνήματα
568 2731 861 2794 δουλοο-ὐνης’.
920 2739 986 2781 Ad
1015 2739 1126 2781 hunc
1158 2737 1294 2783 locum
1323 2727 1632 2780 emendandum
1668 2747 1778 2779 nova
1805 2747 1914 2788 quae
1943 2735 2042 2777 alibi
2074 2735 2197 2778 hodie
2227 2746 2307 2777 non
2339 2735 2494 2788 legitur
2525 2734 2599 2778 sed
2628 2733 2739 2777 bona

338 2823 418 2854 vox
458 2811 692 2864 promenda
733 2811 912 2864 videtur,
960 2823 1069 2863 quae
1106 2813 1150 2853 et
1191 2809 1413 2863 aptissima
1447 2809 1539 2851 loco
1579 2811 1623 2850 et
1658 2804 1906 2864 φιλοξενίης
1943 2805 2149 2858 quomodo
2187 2805 2287 2848 oriri
2323 2804 2510 2858 potuerit
2540 2804 2738 2859 explicat.

339 2883 514 2927 Scilicet
535 2883 647 2936 quod
677 2884 885 2937 Bergkius
916 2884 1151 2927 sententiae
1182 2885 1331 2938 aptum
1362 2893 1453 2924 esse
1484 2879 1707 2931 sentiebat,
1755 2890 1849 2922 cum
1879 2880 2130 2932 proponeret
2157 2873 2357 2934 μνῆμα-τα
2387 2872 2650 2932 δουλοσύνης
2678 2876 2737 2930 (in

337 2969 422 3010 qua
465 2956 705 3000 coniectura
741 2959 912 3010 praeter
948 2956 1190 2998 litterarum
1228 2954 1609 3010 dissimilitudinem
1645 2952 1825 3005 pluralis
1861 2961 2061 2992 numerus
2089 2949 2201 2992 male
2230 2961 2275 2991 se
2311 2948 2473 3003 habet),
2515 2948 2557 2991 id
2598 2949 2737 3002 ipsum

340 3032 464 3083 poeta
501 3030 543 3072 ni
582 3029 709 3072 fallor
745 3030 979 3084 elegantius
1017 3030 1244 3084 aptiusque
1283 3028 1455 3082 reliquis
1494 3025 1604 3070 dixit
1628 3034 1744 3073 ‚voce
1783 3020 2042 3079 φιλοζυγίης.
2110 3019 2228 3071 Quod
2263 3020 2316 3062 ad
2345 3019 2612 3085 substantiva
2642 3031 2737 3062 cum

340 3112 439 3144 voce
473 3097 597 3156 ζυγόν
626 3102 858 3155 composita
890 3103 1065 3155 adtinet,
1096 3100 1260 3157 διζυγία
1287 3100 1412 3144 hodie
1440 3100 1609 3154 legitur,
1654 3107 1736 3140 non
1767 3094 1924 3149 legitur
1955 3091 2218 3147 τετραζυγία.
2286 3092 2484 3146 Legimus
2515 3095 2739 3146 praeterea

339 3173 525 3228 συζυγία,
563 3173 766 3228 διαζυγία,
805 3172 1022 3229 ὁμοζυγία,
1057 3171 1315 3228 ὲτεροζυγία,
1354 3184 1455 3215 num
1486 3169 1774 3215 dubitabimus
1811 3167 1939 3211 etiam
1970 3163 2198 3222 φιλοζυγία
2226 3164 2381 3207 dictum
2420 3165 2541 3207 esse?
2586 3163 2739 3217 Itaque

341 3246 606 3288 scribendum
638 3258 730 3289 esse
759 3250 881 3299 puto:

870 3315 977 3361 Λῖεἱ
1006 3317 1321 3375 παιδοφίλῃσιν
1351 3316 1426 3360 ἐπὶ
1457 3313 1583 3373 ζυγὸν
1609 3310 1754 3368 αὐχένι
1782 3314 1921 3355 κεῖται

929 3387 1162 3447 δι’·σλοφον,
1193 3386 1404 3446 ἀργαλέον
1430 3391 1575 3447 μνῆμα
1602 3385 1863 3446 φιλοζυγίης.
