2930 3880
1483 417 1511 462 5

836 541 981 588 τωλλά
1011 558 1067 597 με
1100 543 1172 585 καὶ
1201 543 1406 586 συνιέντα
1424 543 1702 598 παρέρχεται·
1731 537 1821 586 ἀλλ’
1855 541 1930 586 ὑπ’
1963 539 2144 601 ἀνάγκης

890 617 1010 670 σιγῶ,
1039 611 1261 670 γινώσκων
1288 611 1497 671 ὑμετέρην
1526 611 1713 670 δύναμιν.

306 701 438 744 Recte
468 699 728 754 :sequebatur
765 693 890 752 ἄλλα,
934 700 967 742 si
1007 699 1285 752 praecedebat
1323 693 1447 741 οὐδέν
1481 699 1524 753 μ’
1564 690 1612 741 εὖ
1649 699 1842 742 συνιέντα
1870 700 2152 754 παρέρχεται;
2182 714 2292 745 nunc
2322 706 2418 757 post
2443 701 2593 749 ‘multa
2621 720 2687 750 me

305 772 505 826 quamvis>
523 771 756 824 sapientem
776 764 966 824 fugiunt³
994 771 1250 823 sequebatur
1275 767 1376 814 ‘alia
1404 772 1561 815 invitus
1589 765 1741 815 taceo':

348 859 365 863 ⁴'
834 851 978 897 πολλά
1007 870 1061 908 με
1091 854 1161 896 καὶ
1192 854 1386 897 συνιέντα
1415 855 1690 909 παρέρχεται,
1721 848 1810 897 ‹³2¹2oe
1844 850 1921 898 ὑπ’
1952 850 2137 912 ἀνάγκης

892 929 1010 982 σιγῶ,
1036 925 1257 982 γινώσκων
1286 923 1493 983 ὑμετέρην
1518 924 1706 981 δύναμιν.

255 1066 259 1073 η
304 1001 468 1052 Primis
486 1009 608 1053 huius
639 1010 863 1066 fragmenti
884 1012 1020 1054 verbis
1050 1012 1191 1055 sanari
1221 1024 1343 1064 posse
1374 1012 1559 1054 nonnulli
1588 1011 1796 1064 putabant
1825 1012 1952 1055 alium
1982 1013 2116 1055 locum
2147 1013 2317 1066 gravius
2348 1017 2588 1067 corruptum
2618 1016 2690 1068 qui

303 1070 468 1137 'iegitur'
493 1095 531 1125 v.
563 1084 641 1124 667
663 1095 799 1136 seqq.:
2582 1086 2585 1089 '

833 1164 885 1209 Εἰ
916 1164 994 1219 μὲν
1025 1162 1202 1221 χρήματ’
1237 1163 1392 1219 ἔχοιμι,
1424 1165 1653 1221 Σιμωνίδη,
1686 1159 1846 1221 οἷάπερ
1877 1160 2007 1225 ᾔδειν,

891 1231 968 1279 οὐκ
998 1233 1049 1278 ἂν
1078 1231 1268 1293 ἆνιῴμην
1295 1239 1390 1288 τοῖς
1418 1231 1626 1292 ἀγαθοῖσι
1658 1235 1820 1280 συνών·

832 1309 905 1350 νῦν
935 1307 983 1350 δέ
1010 1324 1064 1362 με
1093 1305 1357 1364 γινώσκοντα
1382 1309 1658 1363 παρέρχεται,
1690 1308 1776 1363 εἰμὶ
1805 1310 1842 1351 δ’
1872 1303 2048 1366 ἄφωνος

888 1377 1149 1439 χρημοσύνῃ,
1177 1381 1354 1423 πολλῶν
1383 1377 1512 1437 γνούς
1541 1396 1626 1436 περ
1657 1375 1833 1435 ἄμεινον
1865 1379 1942 1435 ἔτι,

833 1448 987 1495 οὕνεκα
1014 1455 1087 1495 νῦν
1113 1450 1378 1510 φερόμεσθα
1406 1470 1443 1496 κ.
1472 1468 1507 1495 τ.
1538 1454 1574 1497 λ.

306 1543 378 1586 ubi
407 1544 450 1586 in
477 1544 611 1587 altero
639 1543 815 1586 disticho
845 1544 918 1585 νῦν
947 1542 994 1585 δέ
1014 1559 1068 1596 με
1099 1540 1241 1585 πολλὰ
1268 1543 1444 1586 συνέντα
1473 1542 1732 1597 παρέρχεται
1759 1546 2024 1596 temptarunt
2051 1546 2095 1585 et
2124 1545 2196 1585 νῦν
2225 1543 2271 1587 δὲ
2299 1545 2619 1602 γεγωνίσκοντα,
2650 1549 2694 1590 in

305 1614 439 1658 altero
471 1608 632 1668 οἷάπερ
660 1610 756 1670 ἡδύ,
788 1608 953 1670 οἷάπερ
987 1611 1093 1671 ἥὸει,
1126 1616 1191 1667 al„
1223 1616 1373 1668 Bergk.
1403 1619 1531 1669 postr.
1564 1607 1638 1656 οἷά
1668 1630 1752 1667 περ
1784 1608 1882 1656 οἶδα
1911 1608 1988 1656 οὐκ
2015 1610 2068 1656 ι’ὶν
2095 1609 2355 1672 ἅναινοίμην.
2385 1617 2450 1661 Sic
2479 1618 2577 1661 dum
2607 1620 2691 1662 Sin-

302 1687 417 1742 gulis
443 1687 640 1730 membris
669 1687 892 1730 subvenire
920 1687 1162 1738 studebant,
1181 1689 1426 1731 universum
1445 1687 1748 1730 sententiarum
1772 1687 1960 1729 ordinem
1982 1687 2119 1731 minus
2140 1700 2308 1732 curasse
2331 1690 2536 1733 videntur.
2567 1703 2692 1745 quem

305 1771 428 1804 nemo
457 1759 668 1802 dubitabit
697 1759 807 1802 hunc
835 1759 985 1804 fuisse:
1017 1761 1051 1803 si
1083 1773 1182 1814 opes
1211 1760 1421 1812 haberem,
1452 1771 1533 1802 non
1560 1764 1756 1802 tacerem.
1791 1771 1900 1802 nunc
1932 1764 2075 1802 autem
2107 1759 2209 1802 nihil
2239 1762 2405 1814 quidem
2431 1775 2498 1805 me
2527 1763 2690 1818 sapien·

302 1834 392 1876 tem
420 1831 541 1886 fugit,
574 1832 648 1875 sed
677 1843 803 1886 cogor
837 1835 978 1876 tacere
1007 1837 1180 1888 propter
1206 1837 1499 1887 paupertatem
1529 1836 1609 1875 cet.
1636 1832 1703 1874 Ad
1735 1831 1841 1875 hanc
1869 1832 1997 1886 igitur
2026 1834 2217 1887 regulam
2245 1834 2439 1888 primum,
2470 1838 2518 1877 ut
2549 1847 2575 1877 a
2601 1847 2692 1879 cor-

304 1905 558 1960 ruptissimis
579 1906 785 1960 incipiam,
806 1918 883 1959 pro
913 1907 985 1948 νῦν
1016 1905 1064 1949 δέ
1093 1922 1147 1961 με
1177 1903 1439 1962 γινώσκοντα
1465 1905 1735 1961 παρέρχεται,
1768 1917 1877 1959 quae
1906 1905 2033 1948 verba
2061 1906 2128 1948 vel
2157 1906 2342 1950 subiecto
2375 1907 2559 1950 carentia
2586 1907 2692 1950 nihil

304 1976 460 2029 dicunt,
493 1976 781 2029 corrigendum
812 1980 896 2020 est:
943 1978 1017 2018 νῦν
1046 1977 1082 2020 δ’
1116 1972 1168 2019 οὗ
1196 1977 1274 2032 μέν
1301 1994 1344 2020 τι
1379 1977 1555 2021 συνέντα
1586 1977 1856 2033 παρέρχεται,
1890 1975 1979 2030 εἰμὶ
2009 1977 2045 2020 δ’
2076 1970 2254 2035 ἄφωνος
2281 1974 2524 2035 χρημοσύνῃ
2553 1978 2690 2034 (locus

304 2049 502 2092 turbatus
533 2061 623 2093 esse
653 2048 819 2092 videtur
847 2050 1192 2104 interpretatione
1224 2051 1388 2105 vulgari
1415 2051 1528 2094 vocis
1557 2050 1773 2105 συνιέναι).
1813 2051 1907 2093 dein
1938 2063 2014 2104 pro
2044 2044 2122 2093 οὐκ
2143 2046 2194 2092 ἂν
2213 2044 2402 2106 ἀνιῴμην
2422 2051 2532 2104 quod
2552 2052 2689 2095 verbis

305 2118 396 2176 εἰμὶ
433 2121 469 2164 δ’
510 2113 688 2178 ἄφωνος
724 2122 998 2175 respondeat:
1041 2116 1120 2165 οὐκ
1167 2119 1219 2164 ἂν
1254 2119 1412 2179 σιγῴην
1450 2123 1578 2178 (quod
1607 2124 1821 2167 Herwerd.
1854 2124 1938 2166 iam
1969 2122 2221 2178 proposuit).
2279 2135 2353 2176 pro
2382 2117 2541 2179 οἷάπερ
2571 2117 2690 2183 ᾔδειν

307 2206 416 2247 quae
440 2194 567 2236 verba
596 2194 666 2236 vix
695 2193 879 2237 dubitari
905 2198 1046 2248 potest
1077 2196 1177 2249 quin
1209 2196 1262 2237 ad
1289 2196 1467 2248 primam
1496 2197 1746 2246 sententiam
1778 2195 2068 2248 pertinuerint,
2098 2195 2200 2237 mihi
2233 2195 2496 2238 scribendum
2525 2197 2690 2241 videtur

303 2259 467 2320 οἷάπερ
503 2258 630 2323 ᾔτευν
662 2266 706 2319 (i.
737 2279 772 2309 e.
810 2258 940 2323 ᾔτουν
971 2264 1084 2320 ἔχειν
1112 2269 1200 2310 Sive
1230 2270 1278 2310 ut
1306 2269 1552 2322 plerumque
1582 2268 1725 2311 dicunt
1759 2267 1938 2321 λαβεῖν).
1998 2268 2222 2310 Praeterea
2256 2279 2331 2322 pro
2360 2267 2536 2309 πολλῶν
2564 2265 2690 2323 γνούς

300 2353 389 2392 ,περ
414 2330 590 2392 ἄμεινον
621 2334 687 2380 ἔτι
716 2338 772 2391 (Κ
800 2331 983 2391 ἄμεινον
1011 2341 1097 2383 sine
1131 2337 1214 2394 ἔτι)
1244 2340 1548 2384 restituendum
1578 2340 1755 2382 πολλῶν
1783 2336 1907 2394 γνούς
1935 2355 2021 2395 περ
2052 2333 2330 2393 ἅμεινότερον
2357 2339 2424 2393 (cf.
2455 2341 2564 2393 quod
2593 2346 2689 2395 post

307 2409 530 2453 Homerica
558 2404 805 2464 χειρότερον
834 2413 878 2452 et
905 2407 1176 2466 χερειότερον
1204 2424 1271 2464 ap.
1301 2411 1594 2454 Minmermum
1625 2412 1675 2455 fr.
1701 2416 1762 2464 14,
1789 2415 1812 2454 9
1840 2412 1996 2466 legitur
2026 2406 2077 2453 οὖ
2105 2408 2186 2466 γάρ
2218 2426 2282 2461 τις
2310 2410 2451 2453 κείνου
2481 2407 2595 2470 δῄων
2625 2410 2684 2456 ἔτ’

304 2474 585 2535 ἅμεινότερος
622 2477 732 2537 φώς,
770 2494 837 2536 ap.
869 2483 943 2536 ips.
975 2483 1158 2537 Theogn.
1192 2497 1229 2525 v.
1261 2487 1341 2527 548
1376 2485 1452 2540 τῆς
1485 2479 1727 2539 εὖεργεσίης
1766 2478 1890 2526 οὐδὲν
1922 2477 2182 2540 ἅρειότερον,
2222 2487 2264 2526 et
2303 2496 2368 2537 ap.
2403 2483 2535 2527 Euen.
2575 2484 2626 2526 fr.
2661 2487 2684 2526 5

304 2552 459 2608 μανίας
487 2549 627 2596 πουλὺ
658 2549 939 2609 χερειότερον.
986 2563 1209 2610 postquam
1242 2557 1417 2610 vulgare
1452 2549 1628 2610 ἄμεινον
1657 2557 1857 2610 scriptum
1886 2561 1963 2608 est,
2004 2556 2058 2599 ad
2089 2555 2365 2610 supplendum
2398 2558 2577 2599 metrum
2608 2557 2687 2598 ali-

306 2626 402 2680 quis
430 2623 496 2668 ἔτι
524 2626 726 2680 adpinxit,
756 2627 865 2680 quod
892 2629 1058 2681 saepius
1089 2630 1250 2672 sactum
1279 2631 1371 2683 est),
1403 2628 1470 2672 Sic
1497 2629 1627 2682 igitur
1656 2641 1799 2672 versus
1829 2628 1890 2670 illi
1921 2628 2209 2681 multipliciter
2240 2627 2413 2670 involuti
2444 2628 2687 2682 expediendi

302 2710 395 2742 esse
422 2698 636 2741 videntur:
1779 2757 1782 2759 ‚

832 2768 887 2813 Εἰ
914 2771 993 2826 μὲν
1021 2770 1197 2828 χρήματ’
1235 2771 1389 2828 ἔχοιμι,
1413 2772 1643 2829 Σιμωνίδη,
1674 2767 1832 2827 οἷάπερ
1863 2766 2003 2830 ᾔτεεν,

889 2839 966 2887 οὐκ
995 2842 1046 2886 ἂν
1074 2842 1231 2902 σιγῴην
1261 2848 1355 2896 τοῖς
1383 2839 1589 2900 ἀγαθοῖσι
1618 2841 1768 2888 συνών.

831 2917 904 2958 νῦν
932 2916 968 2959 δ’
1000 2911 1051 2958 οὗ
1077 2917 1155 2971 μέν
1187 2933 1224 2959 τι
1257 2917 1434 2960 συνέντα
1464 2916 1735 2971 παρέρχεται,
1770 2914 1856 2970 εἰμί
1888 2916 1923 2958 δ’
1957 2909 2134 2973 ὂῖφωνος

884 2985 1144 3046 χρημοσύνῃ,
1172 2989 1348 3032 πολλῶν
1377 2985 1500 3044 γνούς
1528 3004 1613 3043 περ
1642 2982 1933 3042 ἄμεινότερον,

833 3057 987 3103 οὕνεκα
1015 3063 1088 3104 νῦν
1114 3059 1377 3120 φερόμεσθα
1408 3078 1442 3104 κ.
1472 3078 1509 3104 τ.
1539 3062 1576 3105 λ.

306 3143 366 3185 Vt
393 3143 447 3185 ad
475 3142 711 3196 fragmenta
741 3146 1002 3198 symposiaca
1032 3151 1241 3190 revertar:
1269 3148 1311 3190 in
1343 3147 1480 3189 media
1509 3148 1644 3202 elegia
1672 3161 1710 3189 v.
1740 3149 1959 3190 467-496
1989 3147 2143 3200 legitur
2175 3149 2232 3197 (v.
2261 3147 2341 3188 473
2361 3145 2516 3198 seqq.):

831 3220 894 3275 τῷ
926 3218 1069 3261 πίνειν
1098 3219 1134 3262 δ’
1165 3219 1362 3262 ἐθέλοντι
1391 3217 1671 3273 παρασταδὸν
1700 3217 1970 3272 οἰνοχοείτω·

888 3285 940 3333 οὗ
974 3288 1118 3342 πάσας
1146 3288 1299 3342 νύκτας
1326 3291 1482 3346 γίνεται
1509 3288 1621 3346 ἁβρὰ
1648 3295 1826 3334 παθεῖν.

795 3369 799 3372 ⁴
832 3355 966 3416 αὐτὰρ
994 3359 1095 3418 ἐγώ·
1127 3362 1286 3417 μέτρον
1312 3359 1389 3417 γὰρ
1421 3359 1515 3414 ἔχω’
1537 3362 1763 3418 μελιηδέος
1791 3359 1933 3406 οἴνου·

888 3430 1027 3475 ὕπνου
1054 3431 1285 3476 λυσικάκου
1316 3430 1532 3491 μνήσομαι
1562 3431 1698 3477 οἴκαδ’
1730 3430 1818 3477 ἰών.
