2930 3880
1525 377 1574 418 16

876 493 975 539 ὅστε
1009 497 1079 540 καὶ
1111 496 1159 551 ἐξ
1183 491 1343 541 Ἀΐδεω
1375 497 1679 556 πολιίδρίῃσιν
1705 493 1891 556 α’νῆλθε,

930 568 1089 620 πείσας
1116 565 1403 626 Περσεφόνην
1431 565 1669 623 αὶμυλίοισι
1698 567 1858 627 λόγοις,

876 636 949 697 ἥτε
977 643 1157 696 βροτοῖς
1185 639 1365 694 παρέχει
1394 637 1550 696 λήθην,
1578 639 1841 696 βλάπτουσα
1870 641 2004 688 νόοιο.

339 722 487 754 vocem
515 713 694 765 βροτοῖς
719 711 893 756 librario
921 713 1064 756 malim
1095 713 1282 756 tribuere
1310 724 1437 766 quam
1467 715 1633 765 poetae,
1675 724 1800 766 quem
1836 710 1914 770 ἤτε
1944 717 2114 770 νεκροῖς
2145 713 2325 769 παρέχει
2354 711 2497 771 λήθην
2529 716 2742 770 scripsisse

341 779 581 832 putaverim
626 780 696 832 (cf.
738 781 860 825 Hom.
896 782 974 825 Od.
1016 786 1080 835 11,
1111 785 1193 824 475
1239 784 1339 832 πῶς
1379 779 1505 838 ἔτλης
1541 778 1734 835 Ἀἲδόςδε
1770 785 2050 840 κατελθέμεν,
2102 783 2214 829 ἔνθα
2250 802 2298 829 τε
2340 787 2485 842 νεκροὶ
2528 780 2746 845 ἀφραδέες

342 850 525 905 ναίουσι,
553 855 726 907 βροτῶν
754 849 914 896 εἴδωλα
941 850 1168 908 καμόντων
1179 855 1223 908 3).

475 924 637 968 Calami
674 938 791 969 error
829 927 1056 980 singularis
1091 930 1210 970 extat
1245 927 1288 970 in
1330 926 1569 982 fragmento
1610 941 1648 970 v.
1680 930 1967 980 1283—1294‚
2008 928 2051 971 in
2084 940 2169 983 quo
2204 934 2331 984 poeta
2368 931 2574 975 amasium
2613 935 2662 974 ut
2691 943 2760 991 ne.
2811 921 2815 927 ’

282 1003 288 1008 ”
341 997 466 1040 nimis
497 997 628 1041 durus
658 999 712 1042 sit
749 1011 798 1041 ac
826 997 1013 1041 fastosus
1043 1003 1196 1051 monet,
1224 1012 1278 1044 ne
1303 1000 1341 1042 ei
1371 1001 1589 1054 contingat
1615 1000 1726 1052 quod
1756 1001 1855 1043 olim
1885 1000 2133 1045 Atalantae:

1526 1070 1587 1125 ιῖίς
1616 1074 1727 1117 ποτέ
1756 1089 1890 1132 φασιν

924 1138 1080 1187 Ἰασίου
1111 1141 1282 1201 κούρην,
1313 1146 1541 1202 παρθένον
1570 1142 1738 1203 Ἰασίην,

870 1214 1033 1273 ὡραίην
1060 1233 1146 1272 περ
1175 1217 1349 1271 έοῦσαν,
1378 1213 1664 1275 οἷναινομένην
1692 1215 1833 1275 γάμον
1859 1213 2028 1274 ἀνδρῶν

925 1285 1118 1346 φεύγειν·
1181 1289 1403 1346 ζωσαμένη
1433 1290 1468 1332 δ’
1505 1287 1590 1346 ἔργ’
1626 1289 1832 1334 ἀτέλεστα
1861 1291 1987 1342 τέλει,

868 1359 1037 1417 πατρὸς
1066 1365 1364 1420 νοσφισθεῖσα
1394 1359 1557 1418 δόμων,
1587 1361 1728 1420 ξανθὴ
1761 1359 2019 1421 Ἀταλάντη·

925 1429 1061 1491 ᾤχετο
1091 1435 1129 1478 δ’
1159 1431 1331 1491 ὑψηλὰς
1361 1434 1405 1486 ές
1434 1432 1630 1494 κορυφὰς
1665 1431 1805 1492 ὀρέων
2064 1426 2066 1428 V

867 1504 1070 1564 ‹pebyovo‘
1103 1503 1331 1562 ἱμερόεντα
1360 1505 1509 1564 γάμον,
1540 1511 1700 1565 χρυσῆς
1728 1504 1990 1567 Ἀφροδίτης

926 1581 1067 1635 δῶρα·
1101 1579 1225 1631 τέλος
1253 1580 1289 1623 δ’
1325 1578 1434 1636 ἔγνω
1463 1582 1535 1623 καὶ
1564 1578 1662 1637 μάλ’
1692 1576 1962 1639 ἇναινομένη.

336 1651 543 1705 Apertum
571 1654 636 1694 est
665 1652 886 1696 librarium
926 1654 1225 1696 dormitantem
1264 1653 1308 1696 in
1348 1653 1430 1698 fine
1462 1666 1608 1698 versus
1642 1657 1748 1697 1288
1775 1654 1959 1709 primum
1984 1654 2233 1699 vocabulum
2263 1652 2497 1708 repetiisse,
2543 1655 2605 1698 ita
2635 1659 2684 1699 ut
2712 1670 2736 1700 e

336 1724 491 1767 litteris
522 1723 625 1767 nihil
656 1725 765 1768 sumi
793 1727 940 1779 possit.
999 1725 1073 1770 sed
1102 1728 1247 1770 tamen
1282 1738 1335 1768 ex
1366 1726 1518 1770 horum
1552 1728 1785 1770 carminum
1824 1727 2093 1781 simplicitate
2129 1727 2267 1781 colligi
2308 1738 2432 1780 posse
2475 1726 2657 1780 videtur,
2695 1728 2739 1771 in

336 1795 416 1838 hoc
446 1808 569 1840 versu
600 1796 657 1839 nil
684 1797 764 1840 nisi
794 1794 845 1841 τὸ
874 1797 940 1848 τίς
969 1793 1118 1840 πόθεν
1148 1797 1382 1842 indicatum
1412 1798 1561 1843 fuisse:
1832 1857 1835 1859 Β

868 1865 1023 1913 Ἰασίου
1053 1867 1225 1926 κούρην,
1256 1869 1484 1926 παρθένον
1509 1866 1778 1929 Ἀρκαδικὴν.
2071 1922 2074 1926 ⁴
2449 1925 2452 1930 Ι

338 1940 462 1992 (ᾼζὶιιοᾶΑ
487 1941 696 1996 Bergkius
733 1943 907 1986 coniecit
946 1941 1201 1997 Παρθένιον
1237 1943 1329 1984 κατ’
1368 1935 1474 1998 ὅρος
1513 1945 1584 1988 vix
1620 1945 1906 2000 praemisisset
1942 1949 2082 1999 poeta,
2120 1946 2191 1999 qui
2227 1946 2416 1991 dicturus
2445 1949 2540 1991 erat
2569 1944 2738 2001 πατρὸς

338 2016 635 2070 νοσφισθεῖσα
665 2012 812 2069 δόμων
842 2019 885 2058 et
915 2009 1051 2071 ᾤχετο
1082 2015 1118 2057 δ’
1152 2011 1324 2071 ὑψηλὰς
1357 2014 1400 2066 ές
1427 2013 1623 2074 κορυφὰς
1652 2015 1800 2073 ὀρέων.
1829 2016 1973 2060 Etiam
2001 2017 2042 2059 in
2073 2030 2110 2060 v.
2134 2019 2235 2060 1241
2255 2029 2366 2072 seq.t

867 2083 1089 2143 χαιρήσεις
1117 2089 1170 2146 τῇ
1201 2084 1381 2143 πρόσθε
1412 2089 1707 2147 παροιχομένῃ
1736 2086 1950 2147 φιλότητι,

925 2162 1001 2216 τῆς
1030 2158 1078 2203 δὲ
1110 2160 1437 2217 παρερχομένης
1468 2156 1605 2204 οὐκέτ’
1637 2160 1716 2220 εἷ”σῃ
1743 2162 1911 2219 ταμίης.

336 2228 688 2285 παρερχομένης
714 2234 887 2284 propter
917 2232 1172 2286 praecedens
1202 2232 1527 2290 παροιχομένῃ
1559 2234 1764 2288 scriptum
1794 2238 1871 2288 est,
1899 2238 1948 2278 ut
1974 2246 2056 2277 non
2086 2235 2209 2278 nimis
2238 2236 2453 2288 premendi
2483 2236 2568 2278 sint
2597 2236 2739 2289 singu·

335 2302 474 2346 larum
502 2302 742 2346 litterarum
769 2306 941 2346 tractus.
998 2302 1119 2354 Quod
1150 2303 1356 2356 Bergkius
1386 2305 1607 2358 proposuit
1635 2305 1714 2360 τῆς
1743 2301 1822 2360 γὰρ
1852 2303 2142 2361 ἐπερχομένης
2174 2305 2316 2360 aptius
2345 2309 2471 2361 esset,
2509 2306 2545 2350 si
2571 2317 2741 2360 praece-

336 2374 455 2418 deret
483 2373 711 2418 admonitio
742 2379 992 2428 argumento
1023 2375 1253 2429 probanda.
1301 2375 1452 2418 Teneri
1481 2367 1624 2429 potest
1652 2377 1732 2431 τῆς
1760 2375 1822 2431 δὲ,
1849 2377 1884 2419 si
1915 2377 1967 2434 τῇ
1996 2371 2174 2432 πρόσθε
2204 2376 2500 2435 παροιχομένῃ
2534 2373 2738 2436 φιλότητι

336 2447 573 2500 oppositam
603 2446 733 2491 fuisse
762 2448 966 2492 sumimus
995 2443 1076 2503 τήν
1105 2462 1216 2491 ποτε
1246 2446 1498 2504 ἐρχομένηνε

869 2510 1088 2571 χαιρήσεις
1117 2515 1169 2572 τῇ
1199 2510 1378 2569 πρόσθε
1409 2515 1707 2573 παροιχομένῃ
1737 2512 1952 2573 φιλότητι,

924 2589 1004 2643 τῆς
1031 2586 1079 2629 δέ
1108 2587 1207 2629 ποτ’
1242 2586 1472 2643 ἐρχομένης
1501 2581 1639 2630 οὕκέτ’
1673 2586 1750 2646 ἔσῃ
1780 2589 1947 2645 ταμίης.

336 2663 360 2705 i.
391 2676 425 2707 e.
458 2665 536 2719 τῆς
565 2663 666 2705 ποτ’
699 2662 1002 2720 ἐπερχομένης.

469 2737 518 2778 In
547 2735 758 2780 sententia
788 2737 840 2780 de
868 2737 944 2791 ira,
975 2749 1085 2790 quae
1113 2737 1299 2792 syllogae
1329 2737 1626 2792 Theognideae
1656 2750 1709 2780 ex
1739 2737 1921 2780 Stobaeo
1950 2735 2095 2780 addita
2125 2740 2192 2780 est
2225 2736 2282 2789 (v.
2310 2735 2452 2789 1223):

875 2798 1023 2860 Οὐδὲν,
1052 2799 1200 2859 Κύρν’,
1231 2798 1361 2860 ὀργῆς
1388 2798 1663 2859 ἀδικώτερον,
1697 2798 1726 2860 ἣ
1755 2800 1833 2846 τὸν
1864 2800 2017 2857 ἔχοντα

924 2876 1130 2933 πημαίνει
1161 2878 1296 2934 θυμῷ
1325 2873 1446 2920 δειλὰ
1471 2876 1739 2934 χαριζομένη.

337 2944 462 2995 οἰδὲν
492 2946 620 3009 ὀργῆς
649 2945 917 3007 «ἰδικώτερον
946 2965 1022 3007 per
1052 2966 1097 2997 se
1128 2953 1296 3006 quidem
1326 2954 1542 2997 verissime
1571 2952 1729 2997 dictum
1759 2955 1836 2997 est.
1867 2951 1941 2995 sed
1971 2952 2042 3005 qui
2071 2951 2260 2995 dicturus
2291 2954 2396 3004 erat,
2427 2952 2534 2994 iram
2567 2950 2732 3007 πημαί-

337 3039 422 3066 νειν
460 3020 537 3067 τὸν
576 3021 730 3077 ἔχοντα
766 3027 899 3082 θυμῷ
940 3022 1062 3068 δειλὰ
1099 3024 1394 3081 χαριζομένην,
1439 3026 1474 3068 is
1513 3037 1596 3069 non
1625 3025 1744 3069 video
1780 3036 1855 3068 cur
1892 3023 1995 3078 quid
2033 3024 2300 3077 praemiserit
2335 3024 2386 3067 de
2415 3023 2637 3067 iniustitia.
2688 3026 2737 3065 ut

335 3095 619 3151 Theognidem
659 3089 907 3152 α’λαώτερον
949 3100 1016 3141 vel
1053 3099 1189 3143 simile
1223 3099 1324 3153 quid
1362 3099 1576 3152 scripsisse
1618 3101 1777 3151 putem,
1822 3097 1933 3151 quod
1975 3096 2112 3141 verbis
2149 3096 2421 3150 sequentibus
2460 3096 2734 3151 probabatur.

337 3167 498 3213 Similia
526 3169 578 3214 de
604 3169 758 3212 invidia
788 3169 988 3214 Carcinus
1014 3171 1118 3214 dixit
1147 3172 1189 3214 in
1217 3171 1456 3225 fragmento
1486 3170 1599 3224 apud
1629 3169 1857 3214 Stobaeum
1886 3169 1997 3213 male
2027 3170 2084 3212 sic
2114 3169 2269 3213 tradito
2300 3171 2369 3223 (N.
2388 3168 2466 3224 ·9):

865 3238 1000 3293 χαίρω
1031 3239 1069 3282 σ’
1102 3235 1219 3294 ὁρῶν
1246 3238 1521 3296 φθονοῦντα,
1555 3237 1678 3280 τοῦτ’
1709 3232 1839 3287 εἰδώς
1864 3233 1932 3279 ὅτι

865 3308 912 3354 ἓν
941 3310 1024 3370 ὁρᾷ
1048 3307 1185 3365 μόνον
1208 3306 1322 3354 ἴδιον
1352 3298 1414 3352 ὧν
1443 3312 1567 3353 ποιεῖ
1600 3305 1794 3367 φθόνος·

865 3383 997 3425 λυπεῖ
1025 3378 1102 3437 γὰρ
1134 3378 1239 3426 αὐτὸ
1270 3380 1321 3426 τό
1353 3383 1494 3440 κτῆμα
1525 3379 1628 3432 τούς
1659 3381 1955 3438 κεκτημένους.
