2930 3880
1349 400 1397 440 13

174 522 338 576 phistas
359 520 506 566 referri
534 524 746 576 poterant.
775 520 923 574 Neque
948 521 1078 565 etiam
1108 522 1260 565 mirum
1291 521 1470 570 videtur,
1498 531 1552 562 ex
1582 518 1646 560 his
1676 517 1777 571 ipsis
1793 517 2049 571 Theognidis
2070 518 2205 561 verbis
2230 521 2443 572 sumptam
2474 529 2566 560 esse

174 598 219 638 et
247 594 288 637 in
319 593 586 649 proverbium
619 592 749 637 abiise
774 593 1025 637 sententiam
1058 593 1166 636 idem
1193 592 1373 636 rotunde
1397 592 1618 644 dicentem,
1650 602 1760 645 quae
1785 589 1844 634 sic
1870 590 2026 642 ubique
2053 590 2239 633 adhiberi
2258 594 2446 643 poterat:
2475 584 2563 631 οὐδ’

173 659 508 722 Ἀσκληπιάδαις
542 660 672 707 τοῦτό
714 664 749 720 γ’
784 661 919 707 ἔδωκε
950 660 1070 715 θεός,
1102 677 1229 718 quam
1260 678 1285 708 a
1316 663 1516 717 Clearcho
1550 662 1634 717 (ap.
1665 663 1818 706 Athen.
1849 674 1887 716 p.
1908 662 2021 716 256),
2042 661 2286 710 ,Plutarcho
2316 666 2359 705 et
2387 662 2569 716 Chryso—

173 739 312 779 stomo
341 735 575 779 adhibitam
606 733 797 779 videmus
825 734 895 789 (cf.
924 735 1034 789 quod
1064 748 1117 780 ex
1146 748 1271 779 versu
1302 735 1533 790 Sophocleo
1561 731 1720 790 ὅρκους
1750 732 1830 790 ἐγώ
1860 730 2058 790 γυναικὸς
2090 731 2152 784 εἰς
2180 730 2296 788 ὕδωρ
2326 730 2494 790 γράφω,
2522 737 2570 776 ut

174 807 384 852 sententia
413 807 542 850 latius
569 810 749 863 pateret,
790 810 1005 862 sumptum
1034 811 1098 851 est
1135 803 1294 863 ὅρκους
1321 804 1519 863 γυναικὸς
1549 805 1612 859 εἷς
1640 804 1756 862 ὕδωρ
1790 805 1868 863 χρὴ
1897 802 2079 862 γράφειν
2109 818 2173 860 ap.
2207 806 2376 858 Macar„
2416 808 2459 848 et
2488 809 2568 846 πᾶ-

172 893 242 922 σιν
277 875 355 934 γάρ
394 869 441 920 εὖ
477 880 690 935 φρονοῦσι
729 881 945 933 συμμαχεῖ
982 875 1085 934 τύχη
1125 879 1166 921 in
1204 891 1313 922 mon.
1345 881 1457 924 Men.
1489 893 1542 924 ex
1572 881 1675 924 Eur.
1707 879 1759 923 fr.
1792 884 1844 922 N.
1876 881 1955 922 601
1997 875 2057 929 ὥς
2091 880 2232 920 τοῖσιν
2268 868 2320 919 εὖ
2357 878 2570 934 φρονοῦσι

172 952 388 1004 συμμαχεῖ
416 946 533 1006 τύχη,
564 951 651 1004 aL).
711 953 823 994 certe
859 963 941 994 non
979 951 1058 994 nisi
1092 963 1234 994 errore
1265 950 1440 996 fortuito
1482 950 1540 1006 (εἰ
1568 957 1611 997 et
1641 947 1698 996 οὐ
1726 965 1853 1007 saepe
1881 949 2199 1007 permutantur)
2238 951 2327 994 sive
2363 963 2416 993 ex
2455 950 2569 992 illius

172 1023 409 1067 sententiae
446 1023 651 1066 memoria
686 1024 730 1066 in
768 1023 1070 1067 recentioribus
1103 1023 1357 1077 Theognidis
1397 1024 1607 1069 codicibus
1638 1019 1695 1067 οὔ
1733 1025 1770 1067 δ’
1801 1024 2001 1078 scriptum
2033 1035 2122 1066 esse
2151 1025 2293 1076 potest
2321 1034 2347 1063 a
2374 1020 2569 1072 librariis,

172 1095 245 1147 qui
273 1094 379 1138 nihil
408 1095 522 1138 aliud
561 1099 661 1140 ante
699 1096 839 1140 oculos
868 1095 1093 1148 habebant,
1139 1107 1266 1148 quam
1306 1095 1415 1139 hanc
1453 1107 1652 1139 versuum
1682 1096 2033 1149 compositionem,
2079 1095 2123 1137 in
2160 1105 2246 1147 qua
2283 1090 2327 1136 εἷ
2353 1091 2401 1135 δέ
2430 1104 2570 1136 neces-

172 1168 342 1220 sarium,
376 1161 466 1210 odd’
499 1169 690 1223 ineptum
719 1173 797 1212 est.
856 1169 950 1211 Non
983 1169 1161 1212 certiore
1192 1171 1443 1223 argumento
1474 1168 1516 1210 in
1546 1179 1583 1209 v.
1608 1169 1686 1210 173
1704 1178 1840 1221 seqq.:

695 1234 843 1295 '21de'
870 1233 1040 1296 ἆγαθόν
1069 1239 1196 1295 πενίη
1228 1236 1406 1281 πάντων
1436 1235 1618 1295 δάμνησι
1646 1235 1832 1292 μάλιστα

757 1312 829 1355 καὶ
859 1307 1002 1370 γήρως
1030 1311 1197 1366 πλεῖον,
1232 1308 1390 1366 Κύρνε,
1421 1311 1493 1353 καὶ
1523 1305 1724 1369 ἠπιάλου.

705 1379 757 1442 ἣν
783 1381 835 1442 δὴ
865 1380 945 1441 χρὴ
981 1380 1197 1441 φεύγοντα
1224 1383 1296 1426 καὶ
1326 1383 1370 1434 ἐς
1398 1379 1650 1439 βαθυκήτεα
1683 1379 1847 1425 πόντον

760 1458 932 1513 ῥιπτεῖν
963 1455 1035 1498 καὶ
1062 1455 1272 1510 πετρέων,
1306 1453 1462 1510 Κύρνε,
1491 1455 1580 1497 κατ’
1613 1450 1844 1510 ἠλιβάτων.

174 1529 304 1574 verba
337 1525 387 1586 ἢν
419 1527 472 1588 δὴ
509 1527 586 1586 χρὴ
622 1543 647 1573 a
671 1530 911 1573 breviatore
938 1529 1129 1582 profecta
1160 1541 1265 1582 esse,
1302 1530 1438 1582 ipsum
1474 1527 1757 1582 Theognidem
1786 1524 1866 1585 χρὴ
1896 1527 2048 1583 πενίην
2075 1528 2294 1581 scripsisse
2322 1541 2375 1571 ex
2404 1541 2454 1572 eo
2485 1530 2567 1572 col·

173 1602 248 1656 ligi
286 1603 387 1646 mihi
427 1603 604 1651 videtur,
650 1602 764 1655 quod
804 1602 1057 1656 quicumque
1092 1600 1173 1644 hac
1201 1601 1421 1653 sententia,
1467 1612 1575 1654 quae
1604 1599 1748 1642 multis
1778 1599 1949 1654 placuit,
1996 1599 2062 1642 usi
2094 1602 2206 1652 sunt,
2248 1599 2328 1643 hoc
2357 1600 2568 1645 exhibent.

173 1674 343 1718 Etenim
382 1686 464 1718 non
499 1675 636 1717 solum
666 1673 817 1717 horum
855 1673 1193 1727 fragmentorum
1223 1673 1488 1728 compositor,
1534 1671 1609 1715 sed
1639 1671 1767 1715 etiam
1798 1664 2035 1724 scriptores,
2082 1672 2156 1723 qui
2184 1671 2440 1725 Theognidis
2470 1672 2573 1716 alio-

174 1758 353 1800 rumque
373 1747 562 1791 versibus
583 1746 653 1790 usi·
667 1749 779 1799 sunt,
810 1756 941 1788 unum
970 1749 1013 1790 et
1041 1746 1224 1789 alterum
1251 1746 1295 1787 in
1323 1757 1445 1788 suum
1465 1757 1591 1788 usum
1620 1746 1855 1787 mutarunt.
1886 1742 1965 1794 Qui
1993 1742 2101 1786 hanc
2129 1744 2182 1786 de
2207 1748 2459 1797 paupertate
2479 1756 2572 1789 sen-

174 1819 353 1861 tentiam
387 1817 648 1871 adferebant,
677 1829 761 1861 non
790 1804 991 1870 poterant
1018 1817 1145 1860 aliter
1170 1818 1364 1872 incipere,
1405 1817 1494 1861 sive
1521 1816 1600 1859 hoc
1628 1827 1738 1858 unus
1765 1815 1949 1870 primum
1978 1814 2087 1867 fecit,
2125 1827 2249 1868 quem
2281 1817 2409 1860 ceteri
2440 1817 2573 1861 secuti

173 1892 285 1941 sunt,
330 1890 418 1934 sive
453 1890 584 1933 etiam
623 1890 768 1945 plures
803 1890 951 1934 eadem
990 1890 1106 1934 ducti
1140 1889 1389 1934 necessitate
1425 1889 1555 1943 (quod
1591 1889 1721 1932 etiam
1761 1888 1816 1931 ad
1856 1886 2083 1946 Stobaeum
2121 1888 2336 1943 pertinet).
2390 1889 2443 1933 ab
2481 1889 2572 1944 ipso

176 1961 416 2016 Theognide
453 1961 723 2006 verisimilius
754 1965 818 2006 est
849 1962 977 2005 verba
1011 1962 1085 2005 illa
1113 1962 1357 2013 sententiae,
1390 1972 1499 2014 quae
1528 1971 1698 2002 causam
1733 1959 1988 2011 continebat,
2034 1959 2092 2002 sic
2128 1971 2203 2012 per
2232 1952 2282 2016 ἣν
2311 1956 2363 2016 δὴ
2389 1956 2468 2015 χρή
2499 1961 2574 2004 ad-

173 2034 317 2078 iuncta
348 2046 451 2078 esse.

307 2123 357 2166 In
386 2135 423 2165 v.
451 2124 558 2165 1153
578 2134 664 2176 seq.
695 2123 854 2167 editur:

707 2203 788 2262 Εἴη
818 2222 895 2260 μοι
926 2207 1183 2250 πλουτεῦντι
1213 2211 1353 2249 κακῶν
1383 2200 1615 2260 ἀπάτερθε
1642 2203 1883 2258 μεριμνέων

763 2276 887 2332 ζώει-ν
914 2273 1136 2333 ἀβλαβέως
1163 2279 1295 2335 μηδὲν
1325 2276 1467 2332 ἔχοντι
1496 2274 1638 2320 κακόν.

176 2365 333 2409 Dubito
364 2366 407 2408 in
435 2366 581 2409 eodem
615 2367 834 2409 enuntiato
862 2367 1087 2410 coniuncta
1115 2365 1246 2409 fuisse
1278 2364 1535 2407 πλουτεῦντι
1564 2367 1607 2407 et
1637 2360 1793 2417 ἔχοντι,
1823 2364 1964 2404 κακῶν
1994 2366 2037 2422 et
2066 2359 2209 2406 κακόν.
2254 2364 2309 2405 Et
2338 2366 2393 2416 K,
2424 2364 2495 2415 qui
2526 2365 2567 2406 in

100 2434 105 2436 ’
175 2438 270 2482 aliis
302 2449 468 2491 quoque
500 2438 745 2482 locis‘solus
777 2438 998 2482 lectionem
1030 2439 1254 2493 genuinam
1282 2437 1480 2486 servavit,
1510 2435 1718 2478 πλουτεῖν
1748 2434 1887 2478 habet.
1931 2434 2011 2478 fuit
2042 2435 2169 2489 igitur
2198 2435 2400 2479 fortasse:

704 2518 787 2578 Εἴη
813 2538 890 2577 μοι
919 2522 1128 2565 πλουτεῖν
1154 2520 1332 2564 πασέων
1359 2520 1395 2561 τ’
1427 2514 1654 2573 ἀπάτερθε
1684 2518 1925 2573 μεριμνέων

762 2590 887 2647 ζώειν
915 2587 1140 2647 ἀβλαβέως
1168 2591 1299 2648 μηδὲν
1330 2589 1472 2644 ἔχοντι
1501 2587 1645 2633 κακόν.

308 2671 359 2713 In
388 2683 428 2713 v.
450 2672 529 2712 549
545 2682 680 2724 seqq.:

646 2776 647 2783 κ
702 2746 909 2809 ’Ἀγγελος
937 2747 1165 2810 ἅφθογγος
1193 2748 1387 2805 πόλεμον
1414 2746 1688 2804 πολύδακρυν
1717 2747 1881 2804 ἐγείρει,

764 2822 913 2881 Κύρν’,
942 2820 1033 2868 ἇπὸ
1063 2823 1292 2881 τηλαυγέος
1321 2818 1584 2879 φαινόμενος
1610 2822 1811 2876 σκοπιῆς.

707 2892 796 2940 ἀλλ’
827 2898 989 2949 ἵπποις
1020 2895 1206 2952 ἔμβαλλε
1235 2893 1565 2950 ταχυπτέρνοισι
1595 2888 1812 2946 χαλινούς·

761 2970 880 3028 δῄων
908 2967 987 3027 γάρ
1015 2970 1090 3026 σφ’
1123 2964 1289 3024 ἀνδρῶν
1317 2962 1532 3010 ἄντιάσειν
1561 2966 1712 3010 δοκέω.

707 3036 760 3084 οὗ
787 3041 954 3086 πολλὸν
983 3039 1033 3085 τὸ
1062 3038 1227 3098 μεσηγύ
1257 3036 1548 3096 ὃιαπρήξουσι
1576 3038 1798 3092 κέλευθον,

763 3112 802 3157 εἰ
830 3112 889 3172 μὴ
921 3111 1030 3170 ἐμήν
1058 3110 1228 3170 γνώμην
1257 3111 1507 3166 ἐξαπατῶσι
1535 3111 1652 3154 θεοί.

178 3197 486 3250 inter-pungunt
526 3208 637 3240 nunc
671 3186 814 3240 omnes
843 3196 1083 3241 Bekkerum
1112 3196 1245 3239 secuti
1285 3198 1381 3249 post
1407 3193 1580 3251 μεσηγύ,
1623 3206 1706 3237 non
1733 3193 1982 3248 cogitantes,
2030 3192 2173 3235 inania
2202 3193 2260 3235 sic
2288 3191 2406 3235 reddi
2441 3190 2569 3235 verba

179 3264 467 3325 διαπρήξουσι
501 3267 727 3323 κέλευθον,
768 3269 918 3322 quibus
956 3268 1194 3312 addendum
1222 3267 1370 3311 fuisset
1403 3266 1566 3320 ταχέως
1594 3267 1664 3310 vel
1695 3266 1830 3309 simile
1858 3265 1970 3317 quid.
2031 3264 2080 3307 Id
2110 3265 2248 3318 ipsum
2279 3266 2421 3307 autem
2450 3263 2569 3307 initio

179 3352 326 3384 versus
355 3341 514 3385 dictum
542 3340 626 3384 fuit
654 3341 790 3385 verbis
819 3335 872 3383 οὗ
903 3341 1056 3397 πολλῷ
1083 3340 1151 3395 (cf.
1180 3352 1218 3381 v.
1241 3339 1332 3390 618,
1365 3338 1438 3382 ubi
1457 3338 1507 3382 A.
1529 3341 1573 3382 et
1597 3337 1707 3392 plur.
1737 3336 1854 3422 codd.
1876 3331 2043 3379 πολλόν
2071 3335 2269 3379 exhibent-
2296 3346 2372 3387 pro
2403 3333 2568 3389 πολλῷ,

180 3411 291 3464 quod
320 3412 372 3455 K.
403 3415 447 3456 et
476 3411 590 3456 Stob.
621 3415 875 3463 servarunt)
926 3423 1058 3466 quare
1087 3411 1352 3455 scribendum
1381 3412 1568 3455 videtur:
