2930 3880
1457 404 1487 448 4

813 524 906 570 Ke'z'
924 544 979 582 με
1008 528 1130 585 φίλοι
1161 529 1433 583 προδιδοῦσ’,
1465 526 1608 584 ἔμπης
1638 525 1714 570 τόν
1742 530 1777 584 γ’
1810 526 1973 582 ἐχθρὸν
2000 524 2184 583 α’λεῦμαι

867 596 980 643 ὥστε
1010 597 1273 656 κυβερνήτης
1299 596 1503 653 χοιράδας
1531 598 1728 651 εἰναλίας.

282 674 409 717 etiam
441 674 645 728 originem
675 674 762 717 vitii
786 673 1156 728 deprehendimus:
1188 673 1400 715 elisionem
1428 673 1515 715 scil.
1542 674 1787 727 neglectam,
1819 685 1927 726 quae
1954 674 2230 727 plurimorum
2264 675 2511 719 mendorum
2540 687 2670 720 causa

281 745 373 788 fuit.
414 750 638 800 postquam
667 745 952 800 προδιδοῦσιν
980 746 1181 798 scriptum
1201 748 1275 795 est,
1304 745 1539 787 necessario
1566 756 1700 798 paene
1732 742 1875 799 ἔμπης
1903 746 1945 787 in
1972 744 2071 787 ἐπεὶ
2097 746 2220 800 abiit3
2249 760 2359 790 nunc
2379 750 2524 791 autem
2540 761 2669 794 mem·

281 819 406 861 brum
424 819 537 872 quod
566 818 646 861 fuit
673 818 948 861 conditionale
975 829 1056 859 non
1078 816 1216 869 potuit
1245 827 1327 857 non
1355 816 1539 859 transire
1566 816 1611 858 in
1643 817 1894 859 sententiam
1920 816 2220 869 principalem:
2253 818 2300 861 οἵ
2324 835 2378 874 με
2409 819 2531 876 φίλοι
2561 836 2671 875 προ-

281 890 487 933 διδοῦσιν.
538 903 588 934 ea
617 893 759 933 autem
789 890 1054 932 librariorum
1085 888 1171 931 fere
1199 889 1456 930 consuetudo
1486 891 1550 930 est
1578 891 1628 930 ut
1653 888 1891 930 semisomni
1912 894 2088 933 exarent
2107 902 2216 943 quae
2234 893 2416 944 speciem
2435 893 2671 936 sententiae

279 963 437 1007 habent
474 963 672 1017 aliquam,
709 963 787 1006 etsi
827 975 872 1004 re
903 973 1003 1003 vera
1039 961 1181 1013 inepta
1211 963 1323 1002 sunt.
1382 960 1446 1002 De
1475 960 1646 1002 elisione
1675 960 1867 1014 neglecta
1895 959 1945 1004 cf.
1974 974 2014 1004 v.
2049 964 2137 1014 169,
2168 962 2237 1005 ubi
2266 963 2381 1007 solus
2409 965 2449 1007 K
2485 965 2671 1008 servavit

281 1036 535 1090 genuinum:
566 1029 615 1076 ὃν
644 1032 691 1076 δέ
719 1032 822 1076 θεοὶ
852 1031 1020 1086 τιμῶσ’,
1053 1025 1102 1073 ὃν
1127 1031 1198 1074 καὶ
1230 1028 1514 1086 μωμεύμενος
1543 1029 1666 1083 αἰνεῖ,
1699 1033 1741 1074 in
1771 1023 1921 1075 ceteris
1948 1027 2143 1087 τιμῶσιν,
2177 1028 2201 1076 ὃ
2229 1035 2431 1089 scriptum
2451 1039 2516 1080 est
2544 1040 2672 1091 'atque

280 1109 324 1151 in
355 1110 392 1151 A
419 1111 463 1151 et
489 1106 524 1150 Ο
552 1107 617 1149 vel
646 1106 761 1148 initio
791 1100 819 1146 ὃ
845 1117 921 1158 pro
951 1100 1012 1146 ὅν.

416 1179 570 1223 Similis
601 1177 878 1230 copulationis
909 1177 1223 1220 enuntiatorum
1252 1177 1510 1230 permutatio
1541 1176 1691 1220 accidit
1720 1176 1762 1218 in
1790 1175 2025 1229 fragmento
2054 1189 2091 1219 v.
2115 1180 2387 1220 1129-1132
2408 1177 2572 1222 frustra
2590 1179 2672 1223 huc

279 1264 415 1305 usque
445 1252 674 1303 temptato:
1450 1294 1452 1297 ,

808 1315 1054 1375 Ἐμπίομαι,
1087 1320 1238 1377 πενίης
1264 1317 1569 1376 θυμοφθόρου
1600 1316 1652 1363 οὔ
1682 1316 1956 1375 μελεδαίνων,

865 1386 954 1436 οὐδ’
983 1387 1151 1447 ἀνδρῶν
1181 1391 1366 1446 ἐχθρῶν,
1398 1391 1445 1434 οἵ
1469 1399 1524 1445 ’με
1557 1392 1728 1447 λέγουσι
1758 1394 1911 1444 κακῶς.

808 1460 902 1509 ἄλλ’
935 1462 1045 1521 ἥβην
1074 1459 1361 1521 ὀλοφύρομαι,
1394 1461 1422 1522 ἦ
1448 1465 1490 1518 μ’
1524 1463 1753 1517 ἐπιλείπει,

864 1538 997 1581 κλαίω
1030 1538 1065 1580 δ’
1093 1532 1300 1592 ἀργαλέον
1332 1539 1462 1593 γῆρας
1492 1533 1795 1592 ἐπερχόμενον.

277 1615 409 1659 Codd.
441 1613 668 1668 ἒμπίομαι,
702 1611 920 1666 ἐλπίομαι,
951 1609 990 1654 εἶ
1019 1610 1190 1664 πιόμαι,
1226 1610 1336 1653 unde
1366 1611 1459 1662 quis
1490 1608 1705 1663 λυπέομαι
1734 1611 2016 1654 extricaverit.
2044 1613 2118 1655 sed
2146 1624 2242 1656 cum
2266 1614 2309 1656 in
2333 1613 2370 1655 A
2399 1617 2442 1656 et
2470 1626 2537 1668 ap.
2556 1613 2671 1657 Stob.

277 1686 515 1742 μελεδαίνω
545 1687 745 1740 scriptum
778 1685 846 1736 sit,
875 1688 1068 1738 apertum
1100 1687 1165 1726 est
1195 1679 1234 1725 εἰ
1267 1683 1495 1725 tenendum
1524 1694 1628 1726 esse.
1658 1694 1732 1735 pro
1761 1675 1926 1736 πίομαι
1955 1684 2248 1739 corrigendum
2278 1686 2378 1728 mihi
2408 1687 2577 1729 videtur
2594 1685 2674 1728 πέ·

279 1774 432 1813 πομαι,
467 1758 517 1802 cf.
547 1759 668 1802 Pind.
696 1755 774 1808 τᾶς
805 1753 1023 1811 ἐρατεινὸν
1053 1752 1170 1808 ὕδωρ
1199 1754 1371 1809 πίομαι.
1429 1755 1517 1797 Hoc
1545 1756 1676 1808 igitur
1704 1757 1927 1810 postquam
1956 1757 2000 1798 in
2028 1755 2241 1812 ἐμπίομαι
2270 1759 2437 1811 coaluit,
2470 1756 2521 1801 οὐ
2549 1758 2673 1813 μελε·-

279 1829 438 1873 δαίνων
459 1831 730 1881 scribebatur,
751 1842 833 1883 quo
862 1829 1072 1872 sententia
1104 1831 1255 1881 poetae
1283 1839 1382 1870 vere
1411 1828 1595 1881 elegiaca
1622 1827 1747 1870 etiam
1779 1828 1914 1882 magis
1934 1828 2160 1872 obscurata
2189 1832 2264 1874 est.
2295 1831 2387 1883 qui:
2418 1844 2512 1874 cum
2531 1826 2673 1885 ‘potus

279 1897 400 1957 sum',
435 1904 585 1958 inquit,
623 1906 919 1957 paupertatem
953 1901 1121 1954 quidem
1157 1913 1238 1942 non
1268 1912 1368 1943 curo
1396 1912 1532 1953 neque
1560 1901 1747 1943 inimicos
1777 1913 2006 1955 eorumque
2036 1901 2277 1955 calumnias,
2318 1906 2363 1946 at
2399 1915 2498 1947 vero
2535 1903 2674 1947 adole-

279 1977 462 2021 scentiae
489 1975 634 2031 fugam
666 1976 838 2030 deploro
867 1973 1357 2028 adpropinquantemque
1387 1975 1618 2015 senectam:

811 2044 864 2090 Εἰ
896 2045 1111 2101 πέπομαι,
1141 2044 1292 2100 πενίης
1320 2041 1625 2102 θυμοφθόρου
1656 2039 1707 2088 οὗ
1737 2045 1974 2099 μελεδαίνω

868 2113 957 2162 οὐδ’
991 2113 1160 2172 ἀνδρῶν
1191 2117 1377 2173 ἐχθρῶν,
1409 2117 1454 2160 οἵ
1480 2133 1534 2172 με
1567 2116 1736 2173 λέγουσι
1765 2119 1927 2168 κακῶς·

811 2185 900 2233 ἀλλ’
931 2187 1039 2248 ἥβην
1070 2185 1357 2248 ὀλοφύρομαι,
1391 2186 1419 2244 ἦ
1446 2191 1490 2244 μ’
1527 2188 1758 2242 ἐπιλείπει,

867 2263 1003 2305 κλαίω
1034 2263 1070 2305 δ’
1103 2257 1310 2318 ἀργαλέον
1338 2263 1468 2319 γῆρας
1496 2259 1798 2316 ἐπερχόμενον.

285 2338 526 2392 Adiungam
558 2338 621 2381 his
651 2338 795 2381 statim
825 2338 908 2380 alia
943 2337 1145 2380 nonnulla
1181 2335 1235 2378 ad
1272 2336 1481 2389 symposia
1513 2336 1776 2389 pertinentia,
1818 2346 1926 2387 quae
1953 2334 2286 2378 emendationem
2316 2335 2568 2378 desiderant.
2625 2336 2675 2379 Iu

285 2423 324 2453 v.
358 2413 438 2453 843
459 2423 569 2463 seq.:

814 2477 926 2523 Ἀλλ’
960 2478 1128 2523 ὁπόταν
1156 2477 1444 2534 καθύπερθεν
1474 2478 1557 2521 ἐών
1584 2476 1803 2533 ὑπένερθε
1833 2479 2013 2536 γένηται,

869 2550 1070 2604 τουτάκις
1100 2549 1236 2595 οἴκαδ’
1267 2548 1365 2606 ἴμεν
1394 2548 1664 2606 παυσάμενοι
1695 2548 1866 2602 πόσιος.

285 2625 518 2669 subiectum
548 2626 699 2680 prioris
732 2626 940 2669 enuntiati
970 2627 1101 2669 deest.
1159 2626 1367 2679 Bergkius
1394 2625 1631 2679 proposuit:
1662 2620 1715 2665 τά
1743 2626 1779 2680 γ’
1811 2621 2009 2679 ὕπερθεν
2037 2621 2156 2667 ἐόνθ’
2189 2623 2248 2680 (in
2273 2625 2424 2678 quibus
2452 2625 2602 2667 vocula
2629 2622 2676 2679 γὲ

287 2698 491 2753 abundat)
529 2703 572 2741 et
611 2694 866 2753 καθύπερθ’
907 2691 1074 2753 ἀνδρῶν
1111 2699 1172 2752 (in
1200 2697 1351 2752 quibus
1388 2698 1505 2739 deest
1533 2698 1753 2749 utriusque
1781 2698 1973 2740 vocabuli
2002 2697 2268 2751 coniunctio),
2297 2697 2601 2740 Herwerdenus
2631 2696 2675 2739 in

285 2771 338 2814 iis
366 2783 475 2825 quae
504 2771 811 2824 praecedebant
851 2771 902 2813 de
935 2765 1087 2827 ὀρόφῳ
1119 2782 1351 2813 sermonem
1382 2769 1512 2812 fuisse
1545 2770 1781 2827 suspicatus
1816 2774 1883 2813 est
1913 2770 2012 2823 (non
2040 2769 2163 2812 facile
2198 2773 2341 2813 tamen
2374 2770 2675 2823 excogitaveris

286 2843 541 2886 sententiam
569 2844 611 2885 in
640 2855 725 2896 qua
749 2843 829 2887 hoc
857 2842 1015 2886 factum
1052 2844 1136 2897 sit).
1195 2844 1353 2886 Vereor
1382 2855 1434 2884 ne
1463 2843 1503 2885 id
1532 2841 1641 2896 quod
1671 2841 1947 2893 desideratur,
1989 2843 2030 2884 in
2065 2841 2199 2894 primo
2228 2842 2353 2894 primi
2381 2853 2527 2885 versus
2555 2852 2677 2885 voea-

287 2915 385 2956 bulo
412 2915 563 2958 lateat:

806 2981 932 3043 ”Ακρ’
966 2984 1134 3030 ὁπόταν
1162 2983 1452 3041 καθύπερθεν
1483 2983 1605 3029 ἐόνθ’
1637 2983 1854 3040 ὑπένερθε
1884 2985 2063 3042 γένηται,

870 3056 1071 3111 τουτάκις
1101 3055 1235 3102 οἴκαδ’
1267 3055 1364 3112 ἰζιιεν
1394 3055 1670 3112 παυσάμενοι
1695 3055 1869 3110 πόσιος,

286 3130 502 3183 (similiter
530 3144 566 3174 v.
599 3134 679 3173 559
708 3131 751 3174 in
781 3131 897 3176 codd.
923 3127 1037 3175 ὥστε
1068 3146 1118 3174 σε
1147 3131 1350 3184 scriptum
1381 3136 1445 3174 est
1471 3144 1549 3186 pro
1577 3127 1723 3187 λῷστά
1752 3133 1831 3186 σε),
1869 3132 1910 3174 in
1940 3132 2090 3185 quibus
2119 3143 2172 3174 ne
2201 3132 2294 3185 quis
2323 3131 2433 3175 forte
2462 3131 2576 3175 dicat
2604 3132 2675 3174 ab·

289 3204 450 3246 undare
477 3200 766 3258 καθύπερθεν
798 3200 943 3246 ἐόντας
982 3205 1195 3258 eleganter
1223 3205 1281 3247 sic
1311 3209 1353 3246 et
1383 3217 1434 3246 ex
1463 3217 1578 3247 more
1599 3203 1852 3247 Graecorum
1882 3197 2172 3256 καθύπερθεν
2202 3205 2246 3245 et
2273 3198 2517 3256 ὑπένερθεν
2546 3201 2677 3244 dorsis

292 3278 477 3322 adversis
504 3278 545 3318 in
575 3277 711 3319 medio
745 3288 872 3319 versu
900 3278 1118 3320 conlocata
1145 3281 1256 3319 sunt.
1315 3269 1410 3331 ἄκρ’
1442 3281 1584 3319 autem
1612 3280 1836 3330 postquam
1866 3275 2023 3317 librarii
2057 3274 2274 3318 cuiusdam
2307 3275 2467 3318 incuria
2503 3274 2546 3316 in
2583 3266 2673 3314 ἀλλ’

288 3354 534 3404 corruptum
565 3354 640 3400 est,
672 3362 749 3404 pro
779 3346 899 3392 ἐόνθ’
932 3349 1055 3392 facile
1085 3345 1169 3391 ἐών
1197 3349 1468 3391 scribebatur.
1500 3348 1658 3392 Eadem
1689 3349 1899 3401 particula
1927 3340 2034 3388 ἀλλὰ
2059 3347 2100 3389 in
2131 3346 2340 3390 codicibus
2364 3350 2408 3390 et
2426 3344 2676 3389 editionibus

291 3434 368 3476 pro
397 3423 640 3475 pronomine
666 3414 774 3463 ἄλλα
802 3424 956 3476 scripta
984 3426 1049 3465 est
1077 3422 1119 3463 in
1149 3435 1185 3464 v.
1216 3425 1322 3463 419:
