2930 3880
1419 455 1468 494 17

255 579 606 638 προσδιαφθερῶ
636 573 783 630 ξυνών.
840 576 895 619 ib.
925 588 963 618 v.
995 578 1075 619 309
1105 574 1273 618 ἐλεοῦσι
1300 574 1378 629 μὲν
1407 572 1480 615 καί
1508 569 1596 616 πού
1638 589 1679 615 τι
1717 572 1788 615 καὶ
1822 573 1957 626 βορᾶς
1997 571 2130 627 μέρος
2172 573 2446 626 προσέδοσαν
2486 571 2641 617 οἰκτεί-

255 668 405 708 ραντες
428 652 462 709 ἤ
482 666 577 694 τινα
606 645 779 704 στολήν.
838 649 1029 703 Aeschyl.
1058 648 1150 700 VII,
1182 661 1220 690 v.
1255 650 1361 690 1023
1392 645 1464 688 καὶ
1486 642 1594 701 μήθ’
1624 642 1830 700 ὁμαρτεῖν
1868 640 2091 699 τυμβοχόα
2129 642 2374 700 χειρώματα
2408 643 2505 704 μήτ’
2540 644 2638 700 ὀξυ·

253 720 442 778 μόλποις
469 719 729 776 προσσέβειν
760 715 1039 775 οἰμώγμασιν.
1100 719 1282 772 Choeph.
1318 733 1355 762 v.
1386 722 1466 761 401
1513 713 1620 760 ἀλλὰ
1654 714 1787 772 νόμος
1823 716 1903 772 μὲν
1944 717 2088 773 γονίας
2128 713 2336 773 σταγόνας
2372 718 2552 773 χυμένας
2595 718 2640 769 ές
2667 743 2672 749 ·

254 794 390 837 πέδον
430 787 538 836 ἄλλο
583 793 836 845 προσαιτεῖν
869 784 978 845 αἷμα
1015 795 1092 834 cet.
1150 791 1292 834 Etiam
1329 791 1380 834 de
1409 803 1508 835 voce
1535 785 1721 844 α’κούειν,
1763 791 1922 843 audire,
1955 794 2058 834 nota
2088 791 2251 844 omnia;
2287 792 2377 845 ipse
2413 791 2638 846 Sophocles

252 867 353 911 Oed.
382 865 468 910 Col.
499 878 537 907 V.
568 868 647 907 988
679 858 768 906 ἄλλ’
802 858 854 906 ού
891 863 968 919 γὰρ
1009 863 1102 906 οὔτ’
1134 862 1178 906 ἐν
1217 863 1355 906 τοῖσδ’
1385 857 1626 917 ἀκούσομαι
1663 860 1793 915 κακὸς
1830 860 2029 920 γάμοισιν
2059 879 2096 907 κ.
2124 879 2163 906 τ.
2191 863 2242 915 λ.,
2278 862 2380 907 Oed.
2420 866 2497 918 tyr.
2531 866 2638 906 1204

254 940 382 981 τανῦν
411 937 447 981 δ’
479 932 652 980 ἀκούειν
679 937 746 987 τίς
775 932 1052 990 ἀθλιώτερος
1085 940 1162 980 cet.
1221 937 1376 979 Eodem
1406 936 1529 979 modo
1559 932 1701 978 κλύειν
1731 936 1950 980 adhibent:
1977 936 2126 980 Aesch.
2158 935 2298 978 Prom.
2332 947 2370 977 V.
2405 938 2485 978 868
2515 937 2637 980 δυοῖν

254 1011 301 1054 δὲ
329 1007 526 1066 θάτερον
552 1006 812 1068 βουλήσεται
839 1005 987 1052 κλύειν
1013 1009 1184 1060 ἄναλκις
1211 1008 1379 1063 μᾶλλον
1408 1003 1436 1063 ἢ
1463 1004 1706 1064 μιαιφόνος.
1782 1009 1906 1062 idque
1936 1008 2131 1063 Sophocli
2173 1007 2433 1052 reddendum
2460 1008 2501 1050 in
2532 1009 2632 1053 Oed.

254 1087 334 1140 tyr.
364 1098 402 1127 v.
436 1086 554 1136 1201,
583 1083 654 1126 ubi
684 1083 843 1126 codices
876 1086 919 1126 et
948 1082 1169 1126 editiones:

781 1154 830 1208 ἐξ
857 1145 909 1197 οὗ
938 1154 1009 1196 καὶ
1037 1149 1238 1208 βασιλεὺς
1267 1152 1390 1194 καλεῖ

779 1224 883 1281 ἐμὸς
913 1225 983 1268 καὶ
1014 1222 1065 1267 τὰ
1094 1224 1255 1281 μέγιστ’
1287 1224 1367 1267 ἐτι-

778 1294 926 1355 μάθης
954 1301 1050 1349 ταῖς
1078 1298 1329 1354 μεγαλαῖσιν
1359 1296 1403 1339 ἕν

783 1365 992 1425 Θήβαισιν
1021 1363 1233 1412 α’νάσσων.

252 1443 436 1494 corrige:

779 1512 828 1566 ἐξ
854 1503 911 1556 οὗ
940 1513 1011 1555 καὶ
1037 1509 1240 1567 βασιλεύς
1267 1508 1413 1561 κλύεις

781 1584 892 1640 ἁμὸς
920 1601 956 1627 κ.
986 1601 1024 1627 τ.
1053 1586 1089 1629 λ.
1401 1573 1411 1576 -

251 1660 449 1714 Glyconei
478 1659 697 1703 acatalecti
725 1658 911 1703 continui
942 1662 1052 1711 sunt,
1081 1663 1129 1701 ut
1157 1658 1324 1701 dimetri
1351 1655 1610 1711 anapaestici
1639 1660 1682 1699 et
1709 1656 1843 1699 ionici.
1900 1657 1943 1698 in
1972 1657 2170 1709 strophae
2199 1669 2238 1699 v.
2272 1659 2398 1698 1190:

775 1730 841 1782 τίς
869 1727 962 1787 γὰρ,
989 1730 1055 1782 τίς
1085 1724 1190 1788 ἀνὴρ
1219 1729 1355 1772 πλέον
1387 1730 1429 1783 (i.
1460 1741 1496 1772 e.
1526 1729 1743 1781 J-LuuLvL)

775 1805 852 1854 τᾶς
879 1797 1154 1858 εὐδαιμονίας
1183 1802 1309 1860 φέρει

774 1870 801 1930 ἢ
826 1876 1039 1918 τοσοῦτον
1069 1871 1175 1918 ὅσον
1204 1874 1350 1917 δοκεῖν

772 1945 844 1988 καὶ
873 1942 1042 2000 δόξαντ’
1080 1941 1334 1998 ἅποκλῖναι;
1882 1982 1889 1986 ι

247 2028 324 2070 pro
353 2011 381 2073 ἢ
407 2018 698 2072 corrigendum
743 2015 869 2075 πλήν,
915 2032 999 2073 qua
1036 2031 1137 2063 voce
1176 2019 1230 2061 ad
1270 2019 1514 2062 evitandum
1557 2017 1720 2060 hiatum
1760 2027 1835 2071 pro
1865 2015 1896 2072 ἤ
1918 2016 2155 2066 utebantur,
2195 2014 2385 2068 inprimis
2415 2012 2642 2067 Sophocles

250 2088 321 2143 (ef.
349 2090 417 2132 Ai.
444 2102 484 2133 V.
516 2093 594 2132 125
625 2087 718 2146 ὁριῦ
745 2087 823 2147 γὰρ
856 2088 972 2150 ἡμᾶς
1002 2086 1127 2135 ούδὲν
1156 2092 1282 2142 ὄντας
1311 2091 1416 2135 ἄλλο
1446 2087 1560 2147 πλὴν
1589 2085 1756 2146 εἴδωλα,
1788 2089 1936 2134 Trach.
1957 2090 2062 2130 1172
2092 2083 2183 2130 τόδ’
2213 2077 2264 2144 ἦν
2292 2085 2358 2139 ἄρ’
2391 2080 2514 2129 οὖδὲν
2531 2080 2637 2129 ἄλλο

247 2156 361 2215 πλὴν
390 2162 546 2202 θανεῖν
573 2159 661 2216 έμέ.
705 2162 808 2205 Ant.
840 2175 877 2206 V.
910 2165 991 2205 646
1019 2163 1063 2205 τί
1093 2160 1208 2206 τόνδ’
1236 2159 1288 2205 ἂν
1317 2159 1463 2214 εἴποις
1490 2162 1594 2205 ἄλλο
1625 2159 1736 2218 πλὴν
1764 2158 1881 2219 αὑτῷ
1909 2157 2074 2212 πόνους
2105 2159 2269 2218 φῦσαις
2309 2159 2419 2203 Phil.
2454 2162 2560 2201 1010
2591 2152 2642 2210 ὃς

251 2224 376 2274 οὐδέν
406 2232 501 2291 ᾔδει
530 2230 644 2290 πλὴν
671 2231 722 2277 τὸ
751 2235 1036 2289 προσταχθὲν
1062 2238 1224 2291 ποιεῖν,
1251 2237 1303 2280 al.
1334 2236 1422 2290 m.).
1450 2236 1498 2278 In
1528 2236 1630 2279 Oed.
1661 2235 1749 2279 Col.
1782 2246 1817 2277 V.
1852 2238 1982 2278 1215:

776 2305 876 2349 ἐπεὶ
899 2304 1045 2350 πολλοὶ
1071 2306 1151 2362 μέν
1177 2304 1221 2349 αἱ
1250 2307 1411 2363 μακραὶ

775 2375 930 2435 ἁμέραι
958 2380 1196 2423 κατέθεντο
1227 2378 1280 2436 δή

774 2448 915 2503 λύπας
947 2450 1155 2508 ἐγγυτέρω
1186 2469 1225 2496 κ.
1257 2468 1295 2495 τ.
1325 2451 1362 2495 λ.

252 2531 335 2572 quo
364 2520 455 2563 loco
484 2520 751 2566 Hermannus
793 2524 892 2567 olim
922 2525 1121 2568 Boeckhii
1163 2526 1215 2569 de
1251 2525 1441 2569 versibus
1475 2525 1708 2569 doctrinam
1736 2528 1924 2568 evertere
1954 2523 2220 2577 opinabatur,
2260 2521 2551 2576 corrigendum
2593 2515 2639 2561 αἱ

247 2585 415 2643 μακρὰν
442 2586 611 2646 ἁμέραι,
649 2594 763 2645 quod
792 2594 950 2638 dictum
985 2599 1063 2647 est,
1105 2599 1154 2638 ut
1182 2593 1226 2638 αἱ
1256 2593 1390 2639 πάλαι
1421 2595 1584 2653 ἡμέραι,
1623 2593 1667 2639 αὶ
1696 2593 1796 2639 τότε
1828 2593 1994 2652 ἡμέραι,
2026 2591 2069 2636 αἶ
2096 2593 2205 2645 τέως
2238 2592 2404 2651 ἡμέραι,
2443 2593 2532 2635 Sim.
2562 2605 2638 2645 m.;

241 2661 352 2704 idem
379 2662 466 2705 fere
494 2663 598 2707 haec
627 2666 757 2709 verba
784 2667 1034 2721 significant,
1078 2669 1190 2722 quod
1236 2664 1280 2710 αἱ
1307 2669 1469 2724 μακραὶ
1498 2666 1664 2728 ἡμέραι,
1711 2670 1790 2713 nisi
1821 2669 1932 2722 quod
1974 2666 2276 2722 significantius
2315 2666 2634 2719 elegantiusque

248 2734 379 2777 vitam
408 2736 451 2777 in
469 2736 632 2790 longius
651 2743 890 2792 provectam
919 2739 1034 2793 (βίον
1062 2739 1107 2791 ές
1138 2738 1305 2795 μακρὰν
1335 2740 1630 2797 ἐκτεταμένον)
1659 2743 1802 2786 dicunt
1831 2740 1950 2796 (ἐπεί
1991 2736 2073 2783 τόἶν
2111 2733 2163 2782 ού
2204 2735 2370 2795 μακρὰν
2403 2736 2511 2792 ἔζων
2541 2733 2635 2793 ἐγώ,

245 2803 412 2861 μακρὰν
440 2804 518 2863 γὰρ
550 2807 769 2866 ἐξέτεινας,
799 2803 924 2867 εἰω.).’
986 2813 1045 2856 Ut
1075 2814 1129 2856 ad
1160 2814 1447 2868 Theognidem
1477 2819 1687 2859 revertar:
1719 2819 1785 2858 est
1812 2815 1920 2858 alius
1951 2814 2079 2857 etiam
2109 2814 2236 2864 locus,
2269 2813 2339 2866 qui
2357 2812 2468 2855 vocis
2502 2804 2642 2868 οἷρχὴν

249 2890 325 2932 per
355 2876 531 2932 πάντως
558 2882 908 2937 interpretatione
939 2891 1162 2941 corruptus
1189 2892 1264 2940 est,
1297 2901 1334 2930 v.
1367 2889 1466 2929 305:

782 2957 862 2999 Τοὶ
895 2953 1019 3001 κακοὶ
1049 2953 1101 3002 ού
1128 2955 1303 3011 πάντως
1333 2959 1457 3002 κακοὶ
1486 2957 1531 3001 ἐκ
1561 2954 1744 3014 γαστρὸς
1774 2952 2007 3012 γεγόνασιν,

832 3024 922 3072 ἀλλ’
954 3025 1158 3086 ἄνδρεσσι
1187 3034 1337 3082 κακοῖς
1366 3031 1627 3085 συνθέμενοι
1658 3028 1810 3087 φιλίην

777 3098 880 3157 ἔργα
910 3118 957 3144 τε
988 3103 1091 3145 δείλ’
1124 3101 1296 3158 ἔμαθον
1324 3103 1395 3146 καὶ
1415 3092 1512 3160 ’ἔπη
1541 3099 1750 3160 δύσφημα
1779 3101 1851 3144 καὶ
1882 3097 2016 3155 ὕβριν,

831 3172 1064 3230 ἐλπόμενοι
1096 3176 1263 3228 κείνους
1291 3173 1432 3218 πάντα
1454 3174 1590 3231 λέγειν
1624 3172 1773 3229 ἔτυμα.

250 3243 308 3286 sic
336 3243 509 3294 codices,
532 3244 613 3287 nisi
641 3245 754 3297 quod
782 3246 824 3288 in
851 3248 1010 3301 optimo
1042 3249 1150 3291 idem
1180 3249 1263 3292 iam
1294 3249 1454 3299 accidit,
1486 3249 1597 3302 quod
1630 3248 1672 3290 in
1699 3248 1791 3291 loco
1820 3259 1874 3290 m.
1898 3247 1926 3289 l.
1983 3245 2044 3288 Ut
2073 3245 2158 3288 illic
2186 3245 2296 3287 enim
2328 3240 2510 3286 πάντων
2542 3278 2550 3286 .
2583 3278 2591 3285 .

246 3309 424 3369 ἄριστον
455 3317 660 3370 scriptum
687 3321 754 3362 est
780 3332 856 3374 pro
883 3317 1061 3372 πόντιος
1097 3356 1105 3365 .
1139 3355 1148 3363 .
1179 3314 1360 3376 ἄριστον
1399 3322 1460 3371 (et
1502 3333 1539 3362 v.
1569 3321 1648 3361 967
1678 3319 1723 3360 in
1750 3318 1940 3361 omnibus
1971 3313 2138 3360 τούτων
2165 3310 2204 3358 δ’
2233 3314 2427 3372 ἐκφαίνει
2458 3310 2638 3356 πάντων

249 3383 403 3441 χρόνος
428 3378 543 3445 ἦθος
570 3384 754 3432 ἑκάστου
783 3403 860 3444 pro
889 3388 1077 3446 πάντως,
1121 3406 1158 3436 v.
1193 3396 1273 3436 845
1302 3383 1350 3435 εὖ
1379 3391 1458 3445 μέν
1485 3390 1682 3446 κείμενον
1718 3389 1853 3444 ἄνδρα
1893 3390 2034 3439 κακῶς
2062 3387 2199 3442 θέμεν
2228 3381 2410 3441 εύμαρές
2439 3385 2530 3429 ἐστι
2558 3396 2636 3440 pro

247 3454 400 3513 ἀνδρί),
435 3458 494 3501 sic
531 3459 573 3501 h.
602 3458 627 3502 l.
657 3460 700 3502 in
728 3461 816 3504 cod.
850 3464 903 3504 A
927 3459 1102 3514 πάντως
1131 3476 1175 3508 se
1206 3465 1296 3508 voci
1326 3462 1451 3506 κακοί
1477 3462 1752 3506 adsimilavit:
1786 3455 1946 3511 πάντες
1974 3458 2110 3502 κακοί.
2169 3462 2215 3502 at
2254 3461 2379 3511 poeta
2421 3468 2557 3512 neque
2587 3452 2639 3502 οὗ

2354 3531 2375 3564 3
