2930 3880
1447 331 1470 369 7

804 450 904 500 νοῦς
933 443 1106 504 α’γαθόν
1135 449 1206 491 καὶ
1234 449 1412 504 γλῶσσ’·
1443 444 1553 505 α’τὰρ
1582 449 1626 492 ἐν
1653 447 1838 506 παύροις
1869 448 1920 494 τὸ
1950 450 2143 508 πέφυκεν

854 514 1071 575 ἅνδράσιν,
1103 518 1152 563 οἳ
1173 518 1341 564 τούτων
1369 515 1631 579 ἀμφοτέρων
1656 522 1817 576 ταμίαι.
2161 511 2163 513 ’

273 608 473 652 vitandus
502 607 612 650 enim
635 609 728 649 erat
747 605 922 660 pluralis
951 618 1161 658 numerus,
1193 619 1245 649 ne
1271 619 1497 660 pronomen
1528 607 1582 651 ad
1610 618 1733 651 voees
1761 607 1860 658 νοῦς
1888 606 1960 649 καὶ
1987 607 2160 662 γλῶσσα
2189 611 2399 661 pertinere
2428 612 2654 664 videretur,

268 680 344 723 sed
373 679 427 724 ad
456 679 711 723 sententiam
740 679 841 720 νοῦν
866 674 1036 731 ἀγαθὸν
1065 672 1174 721 εἶναι
1203 679 1275 720 καὶ
1301 679 1498 734 γλῶσσαν
1523 673 1691 734 ἀγαθᾶν
1719 672 1840 722 εἶναι.
1899 679 2059 722 Eadem
2087 680 2140 722 de
2170 692 2297 723 causa
2326 682 2369 724 in
2396 695 2433 725 v.
2464 685 2567 726 859:
2605 678 2657 739 ἢν

266 751 315 796 δέ
341 750 384 793 τί
408 749 486 805 μοι’
515 753 663 793 ποθεν
691 745 866 802 ἐσθλόν,
895 743 922 791 ἃ
952 746 1141 804 παυράκι
1169 750 1329 805 γίνεται
1357 745 1493 804 ἀνδρί,
1522 751 1747 804 singularis
1773 751 1984 794 devitatus
2011 758 2089 795 est.

399 885 524 951 Initio
552 921 589 951 v.
622 910 702 952 559
732 907 901 952 Geelius
933 920 1009 963 pro
1039 904 1151 950 ὥστε
1180 909 1366 951 correxit
1394 906 1551 962 λῷστα,
1592 908 1708 951 initio
1739 921 1777 950 v.
1806 910 1887 950 843
1915 920 1993 962 ego
2023 901 2133 964 ὂέκρα
2159 920 2236 964 pro
2263 904 2388 953 α’λλά.
2445 913 2560 957 aliud
2588 913 2654 957 his

265 976 419 1026 addam
450 981 701 1035 exemplum,
732 993 769 1022 v.
804 983 912 1023 889:

793 1059 906 1105 Ἀλλ’
930 1054 1108 1118 αἰσχρὸν
1137 1060 1356 1114 παρέοντα
1382 1060 1453 1103 καὶ
1483 1055 1727 1105 αἷκυπόδων
1755 1061 1964 1117 ἐπιβάντα

857 1135 1014 1177 ἳππων
1043 1132 1104 1190 μή
1135 1130 1332 1188 πόλεμον
1358 1129 1603 1188 δακρυόεντ’
1634 1133 1803 1177 ἐσιδεῖν.

269 1215 427 1266 Scilicet
453 1221 619 1275 integra
648 1220 857 1265 sententia
885 1219 980 1262 fuit:
1429 1207 1435 1212 ’

784 1308 935 1369 ’Ἁνδρ’
956 1310 1134 1368 αἷσχρόν
1161 1312 1379 1368 παρέοντα
1410 1312 1482 1355 καὶ
1510 1307 1755 1354 ὠκυπόδων
1785 1309 1995 1365 ἐπιβάντα

862 1386 1018 1428 ἳππων
1045 1402 1082 1428 κ.
1114 1401 1151 1428 τ.
1181 1386 1216 1428 λ.

403 1532 454 1575 In
484 1531 719 1586 fragmento
749 1543 788 1573 v.
819 1532 899 1572 283
930 1542 1065 1585 seqq.:

761 1654 765 1656 -
790 1631 960 1672 Ἀστῶν
986 1630 1137 1686 μηδενὶ
1167 1629 1325 1680 πιστὸς
1354 1625 1437 1671 ἐών
1469 1623 1586 1670 πόδα
1615 1627 1751 1670 τῶνδε
1778 1623 2000 1682 πρόβαινε,

855 1696 966 1756 μήθ’
996 1697 1111 1757 ὅρκῳ
1138 1700 1321 1750 πίσυνος
1347 1695 1455 1755 μήτε
1485 1697 1779 1757 φιλημοσύνῃ·

795 1772 894 1828 μηδ’
923 1771 964 1816 εἶ
993 1772 1095 1829 Ζῆν’
1129 1771 1261 1830 ἐθέλῃ
1291 1770 1495 1827 παρέχειν
1522 1772 1706 1829 βασιλῆα
1736 1772 1938 1828 μέγιστον

850 1841 999 1901 ἔγγυον
1025 1840 1258 1887 ἀθανάτων
1286 1842 1421 1888 πιστὰ
1447 1847 1594 1888 τιθεῖν
1622 1844 1803 1888 ἐθέλων.

265 1930 495 1985 repetitum
527 1928 659 1986 ἐθέλῃ
699 1964 707 1971 .
740 1963 749 1972 .
780 1961 790 1971 .
822 1928 1004 1984 ἐθέλων,
1043 1929 1156 1985 quod
1192 1943 1230 1972 v.
1260 1930 1298 1973 d.
1328 1931 1514 1974 tolerant
1558 1933 1857 1984 excusantque‚
1899 1931 2001 1974 mihi
2038 1931 2189 1975 iustius
2233 1932 2397 1976 videtur
2431 1945 2656 1987 removere,

265 2008 309 2046 et
348 2014 478 2046 manu
514 2002 682 2056 quidem
723 2002 849 2056 paulo
883 2002 1040 2046 leniore
1078 2015 1203 2056 quam
1242 2014 1328 2057 qua
1354 2002 1587 2047 Brunckius
1630 2004 1728 2046 olim
1768 2004 1955 2058 scripsit:
1998 2003 2098 2060 μηδ’
2134 2001 2174 2047 εἰ
2200 2003 2301 2061 Ζῆν’
2327 2002 2480 2047 ,αὐτὸν
2522 2005 2653 2061 παρέ-

266 2090 370 2130 χοις.
427 2086 610 2129 repono:
638 2073 737 2130 μηδ’
767 2070 806 2117 εἰ
843 2074 965 2130 Ζῆνα
993 2073 1071 2132 τλῇ
1101 2072 1305 2130 παρέχειν
1335 2107 1344 2116 .
1375 2109 1385 2118 .
1419 2072 1580 2130 ἔγγυον,
1612 2075 1663 2119 cf.
1693 2075 1816 2118 Hom.
1855 2076 1933 2119 Od.
1968 2078 2029 2129 10,
2065 2078 2159 2130 343,
2200 2077 2271 2120 ubi
2303 2077 2449 2121 Ulixes
2489 2077 2657 2123 Circae:

267 2142 363 2191 οὔδ’
394 2143 446 2189 ἂν
476 2144 613 2202 ἔγωγ’,
645 2147 793 2200 inquit,
826 2145 1026 2201 ἐθέλοιμι
1053 2148 1153 2203 τεῆς
1183 2143 1439 2203 ἐπιβήμεναι
1475 2142 1609 2205 εὐνῆς,
1650 2146 1689 2190 εἰ
1712 2144 1771 2204 μή
1810 2163 1887 2202 μοι
1931 2148 2078 2204 τλαίης
2115 2164 2173 2205 γε,
2214 2146 2314 2203 θεά,
2356 2150 2487 2206 μέγαν
2527 2147 2658 2207 ὅρκον

272 2215 473 2275 ὀμόσσαι,
510 2215 612 2277 μήτι
639 2235 716 2274 μοι
744 2213 862 2276 αὐτῷ
889 2221 1016 2275 πῆμα
1042 2216 1174 2262 κακὸν
1200 2219 1488 2275 βουλευσέμεν
1516 2213 1634 2274 ἄλλο,
1677 2224 1721 2264 et
1757 2221 1896 2275 hymn.
1927 2222 2055 2265 Mero.
2085 2235 2122 2265 V.
2146 2224 2240 2276 518,
2271 2223 2341 2266 ubi
2370 2224 2520 2278 Apollo
2549 2224 2658 2268 Mer-

268 2294 406 2336 curio:
436 2292 617 2344 (δείδια.
641 2325 650 2334 .
666 2288 726 2348 μή
757 2309 835 2347 μοι
868 2326 877 2337 .
907 2293 933 2346 .)
965 2286 1055 2334 ἄλλ’
1086 2288 1132 2334 εἷ’
1151 2308 1228 2347 μοι
1257 2292 1403 2349 τλαίης
1430 2309 1476 2349 γε
1505 2294 1628 2336 θεῶν
1656 2292 1787 2348 μέγαν
1816 2290 1947 2348 ὅρκον
1976 2288 2162 2348 ὅμόσσαι
2190 2311 2226 2337 κ.
2255 2311 2292 2338 τ.
2320 2296 2356 2338 λ.
2388 2297 2444 2339 Et
2475 2297 2656 2341 fortasse

267 2364 365 2429 μηδ’
397 2363 436 2408 εἰ
466 2364 567 2421 Ζῆν’
602 2363 734 2423 ἐθέλῃ
762 2377 814 2408 ex
841 2365 940 2420 μηδ’
965 2362 1003 2408 εἶ
1034 2361 1151 2422 Ζῆνά
1179 2380 1224 2420 γε
1254 2364 1332 2422 τλῇ
1361 2366 1561 2420 originem
1586 2366 1729 2410 duxit:

797 2458 896 2514 μηδ’
927 2456 966 2501 εἰ
993 2455 1115 2515 Ζῆνά
1144 2475 1190 2515 γε
1220 2460 1297 2517 τλῇ
1327 2459 1530 2514 παρέχειν
1551 2461 1736 2516 βασιλῆα
1759 2460 1962 2516 μέγιστον

852 2528 1006 2586 ἔγγυον
1028 2525 1269 2574 ἀθανάτων
1291 2529 1426 2574 πιστὰ
1455 2535 1601 2575 τιθεῖν
1629 2531 1808 2575 ἐθέλων.

407 2687 524 2738 Quae
554 2699 591 2729 v.
623 2688 704 2728 463
732 2698 817 2741 seq.
844 2687 1067 2742 leguntur:

797 2781 1036 2840 Εὕμαρέως
1064 2802 1136 2829 τοι
1165 2788 1309 2841 χρῆμα
1334 2787 1440 2829 θεοὶ
1467 2783 1600 2831 δόσαν
1631 2784 1731 2833 οὔτε
1761 2807 1802 2833 τι
1831 2791 1973 2834 δειλὸν

851 2851 942 2900 οὔτ’
971 2852 1164 2914 ἀγαθόν·
1198 2859 1374 2915 χαλεπῷ
1405 2859 1442 2902 δ’
1475 2858 1653 2917 ἔργματι
1681 2863 1812 2913 κῦδος
1844 2859 1932 2905 ἔπι.

266 2960 470 3004 perquam
487 2952 631 3004 inepta
647 2956 759 2995 sunt.
788 2964 885 2995 nam
916 2964 1051 3006 neque
1080 2950 1134 2995 τὰ
1162 2951 1283 2996 δειλοὶ
1314 2950 1509 3010 χρήματα
1537 2956 1730 3009 difficilia,
1762 2958 1855 3009 imo,
1886 2961 1934 3000 ut
1963 2958 2005 3000 in
2034 2960 2190 3001 v.lO27
2223 2959 2394 3013 legitur:
2425 2958 2564 3015 ῥηιδίη
2580 2974 2652 3003 τοι

266 3022 423 3078 πρῆξις
452 3021 497 3065 ἐν
527 3016 787 3078 ἆνθρώποις
816 3021 1053 3080 κακότητος
1069 3038 1078 3046 ·
1127 3028 1206 3068 τοῦ
1235 3026 1270 3068 δ’
1300 3020 1471 3082 ἆγαθοῢ
1502 3026 1683 3085 χαλεπὴ,
1715 3024 1869 3083 Κύρνε,
1901 3028 2024 3071 πέλει
2054 3026 2244 3086 παλάμη,
2276 3035 2318 3074 et
2352 3031 2386 3074 Si
2421 3031 2501 3074 illa·
2526 3044 2648 3084 prae-

247 3094 505 3148 'cessissent‚
534 3108 588 3139 ne
617 3097 731 3138 mala
760 3109 930 3152 quoque
959 3097 1145 3141 facinora
1175 3099 1352 3153 gloriam
1383 3099 1550 3144 adferre
1578 3102 1828 3154 dicerentur,
1863 3101 2098 3145 addendum
2129 3106 2240 3147 erat:
2271 3102 2386 3159 καλῷ
2416 3101 2453 3144 δ’
2472 3099 2651 3158 ἔργματι

267 3163 398 3214 κῦδος
432 3161 522 3208 ἔπι,
581 3167 893 3220 corrigendum:

805 3261 1025 3322 εὐμαρέως
1055 3283 1122 3311 τοι
1155 3270 1295 3324 χρῆμα
1325 3269 1430 3313 θεοὶ
1459 3268 1593 3315 δόσαν
1622 3267 1720 3315 οὔτε
1752 3288 1795 3315 τι
1823 3271 1989 3316 κλεινὸν

852 3332 942 3381 οὔτ’
974 3335 1162 3397 ἀγαθόν·
1196 3341 1373 3398 χαλεπῷ
1401 3342 1438 3385 δ’
1471 3340 1648 3399 ἔργματι
1673 3345 1803 3396 κῦδος
1832 3342 1921 3388 ἔπι.
