2930 3880
1531 383 1583 422 10

885 497 963 551 τὰς
991 495 1141 551 οὐσίας
1170 497 1248 556 γὰρ
1278 501 1446 555 μᾶλλον
1474 497 1501 558 ἢ
1528 498 1606 551 τὰς
1634 497 1837 556 ἁρπαγάς

889 574 1017 626 τιμᾶν
1047 572 1233 616 δίκαιον·
1265 566 1366 616 οὔτε
1395 570 1475 628 γὰρ
1503 569 1696 624 πλοῦτός
1724 590 1835 617 ποτε

885 643 1062 696 βέβαιος
1090 637 1242 693 ἄδικος

355 714 490 767 prima
520 725 600 756 vox
631 715 836 759 coa-luisse
868 715 1035 759 videtur
1063 728 1136 758 ex:

887 785 964 838 τὰς
993 779 1069 830 οὖν
1098 787 1219 837 δίκας
1252 802 1298 841 γε
1332 786 1495 840 μᾶλλον
1529 783 1554 842 ἢ
1582 786 1658 838 τὰς
1683 784 1883 843 ἁρπαγὰς

882 861 1011 913 τιμᾶν
1039 858 1222 901 δίκαιον·

354 938 397 977 et
426 936 468 978 in
500 936 737 990 Antigonae
767 935 1021 988 Sophocleae
1050 947 1088 976 v.
1110 937 1216 975 471:

883 1005 1010 1060 δηλοῖ
1040 1002 1090 1047 τὸ
1120 1004 1286 1062 γέννημ’
1320 999 1443 1059 ω’μὸν
1473 1003 1521 1058 ἐξ
1547 998 1669 1059 ὠμοῦ
1700 1003 1860 1059 πατρὸς

883 1079 958 1138 τῆς
987 1074 1157 1129 παιδός,
1190 1074 1322 1121 εἴκειν
1351 1077 1387 1121 δ’
1420 1076 1497 1120 οὐκ
1529 1076 1758 1120 ἐπίσταται
1787 1079 1952 1128 κακοῖς.

353 1153 641 1209 corrigendum
675 1153 859 1196 videtur:

889 1225 1014 1280 δηλοῖ
1043 1221 1094 1267 τὸ
1124 1224 1202 1279 μὲν
1231 1225 1334 1281 λῆμ’
1364 1221 1486 1279 ωμὸν
1517 1224 1565 1279 ἐξ
1591 1218 1713 1279 ω’μοῦ
1742 1222 1911 1281 πατρὸς
1940 1242 1978 1269 κ.
2008 1242 2046 1269 τ.
2077 1226 2113 1269 λ.

354 1298 424 1352 (cf.
456 1298 584 1342 schol.
624 1312 673 1339 το
712 1295 899 1353 σκληρόν
934 1291 1069 1353 αὐτῆς
1104 1313 1182 1340 τοι·
1219 1293 1503 1355 φρονήματος
1530 1294 1738 1353 ὁμολογεῖ
1763 1297 1931 1352 πατέρα
1958 1296 2035 1340 τὸν
2067 1294 2296 1353 Οἰδιπόδα,
2337 1303 2380 1344 et
2411 1299 2593 1354 Hesych.
2625 1300 2752 1356 λνμα,

355 1366 589 1427 φρόνημα).
651 1370 775 1424 Apud
805 1370 1106 1424 Xenophanem
1135 1371 1175 1413 in
1207 1370 1478 1423 sequentibus
1508 1370 1686 1414 conicio:

883 1437 1051 1498 ἀνδρῶν
1080 1443 1115 1485 δ’
1150 1439 1287 1485 αἰνεῖν
1314 1444 1482 1494 τοῦτον,
1514 1436 1563 1492 ὃς
1593 1439 1733 1484 ἐσθλὰ
1763 1457 1878 1484 πιων
1907 1434 2148 1499 ἀναφαίνει,

939 1511 1034 1557 ὁ’σσ’
1070 1512 1111 1557 οἶ
1142 1511 1378 1571 μνημοσύν’
1407 1505 1446 1572 ᾗ,

352 1595 395 1635 et
424 1592 574 1635 deinde
602 1594 718 1641 (nam
748 1592 852 1634 haec
882 1591 1143 1643 cohae1·ent):

1271 1662 1341 1704 καὶ
1369 1660 1458 1714 τὸν,
1492 1656 1541 1713 ὃς
1570 1652 1672 1704 dex
1706 1654 1876 1718 ἀρετῆς,

882 1730 977 1779 nisu
1006 1731 1143 1790 μάχας
1175 1734 1319 1777 διέπει
1353 1731 1548 1777 Τιτάνων
1578 1728 1679 1776 οὐδὲ
1710 1737 1735 1774 Ι
1739 1729 1926 1788 ἰγὰντων
1953 1750 1990 1776 κ.
2020 1749 2055 1778 τ.
2086 1736 2123 1777 λ.

351 1816 411 1867 (in
439 1814 592 1873 quibus
622 1804 742 1856 ἆθλα
770 1826 853 1857 non
881 1813 1069 1868 praemia
1099 1814 1198 1854 sunt
1227 1810 1301 1855 sed
1328 1812 1572 1862 certamina,
1603 1813 1651 1852 ut
1680 1823 1747 1865 ap.
1771 1810 1889 1854 Pind.
1920 1807 1959 1853 εἰ
1991 1812 2030 1854 δ’
2059 1805 2203 1855 ἔεθλα
2231 1809 2385 1869 γαρύεν
2418 1811 2575 1867 ἔλδεαι,
2619 1800 2748 1872 φίλον

349 1879 469 1944 γ’τορ,
503 1888 592 1943 aL),

483 2069 649 2113 Addam
681 2069 745 2113 his
784 2069 894 2112 locos
932 2066 1153 2109 nonnullos
1186 2066 1227 2108 in
1260 2065 1410 2118 quibus
1444 2066 1632 2108 nondum
1672 2063 1713 2105 in
1752 2063 1975 2118 pristinum
2016 2064 2203 2109 ordinem
2239 2065 2415 2145 reducta
2447 2070 2546 2110 sunt
2583 2067 2747 2121 singula

352 2142 574 2185 enuntiata
603 2142 689 2185 sive
720 2141 1035 2183 enuntiatorum
1061 2143 1220 2192 partes.

483 2224 531 2266 V.
553 2226 631 2264 271
651 2235 766 2276 seqq
797 2224 837 2265 in
866 2222 1075 2266 codicibus
1105 2221 1163 2263 sie
1192 2219 1462 2263 exhibentur:

867 2289 996 2345 Ἴσως
1026 2309 1096 2336 τοι
1122 2290 1175 2336 τά
1208 2292 1287 2346 μὲν
1313 2285 1421 2334 ἄλλα
1452 2292 1556 2335 θεοὶ
1590 2295 1774 2348 θνητοῖς
1803 2286 2063 2346 ἀνθρώποις

933 2362 1063 2422 γῆράς
1091 2364 1126 2406 τ’
1161 2358 1398 2418 οὐλόμενον
1427 2363 1499 2407 καὶ
1525 2352 1689 2420 νεότηΐ
1723 2361 1893 2407 ἔδοσαν.

877 2440 965 2479 τῶν
998 2434 1174 2479 πάντων
1204 2436 1252 2479 δὲ
1282 2433 1487 2479 κάκιστον
1517 2435 1562 2479 ἐν
1590 2430 1853 2491 ἀνθρώποις
1880 2432 2074 2479 θανάτου
2105 2451 2151 2478 τε

933 2511 1004 2553 καὶ
1034 2509 1213 2554 πασέων
1243 2506 1411 2553 νούσων
1440 2508 1532 2552 ἐστὶ
1566 2505 1880 2565 πονηρότατον.

878 2584 1040 2634 παῖδας
1071 2582 1170 2625 ἐπεὶ
1199 2582 1398 2637 θρέψαιο
1429 2582 1500 2624 καὶ
1529 2575 1694 2636 ἄρμενα
1723 2578 1867 2623 πάντα
1895 2576 2150 2635 παράσχοις,

932 2651 1128 2712 χρήματα
1158 2653 1193 2696 δ’
1225 2653 1470 2711 ἐγκαταθῇς
1499 2649 1626 2695 πόλλ’
1654 2646 1807 2709 οἷνιηρά
1835 2649 2011 2703 παθών,

879 2724 954 2769 τὸν
986 2726 1136 2780 πατέρ’
1168 2726 1425 2781 ἐχθαίρουσι
1451 2727 1723 2782 καταρῶνται
1751 2726 1787 2768 δ’
1822 2720 2088 2780 ἀπολέσθαι,

936 2799 1008 2841 καὶ
1033 2799 1252 2854 avvye'ovo'
1284 2796 1437 2854 ὥσπερ
1467 2796 1644 2852 πτωχὸν
1671 2795 1976 2854 ἐπερχόμενον.

351 2890 431 2934 Est
463 2902 536 2933 cur
565 2890 747 2943 primum
777 2890 1031 2933 sententiam
1061 2889 1185 2933 huius
1213 2889 1439 2944 fragmenti
1469 2889 1717 2932 adcuratius
1746 2899 1968 2942 exponam.
2028 2887 2161 2931 Poeta
2189 2886 2241 2930 de
2270 2887 2330 2948 eis
2358 2886 2558 2942 loquitur,
2591 2887 2663 2942 qui
2693 2888 2746 2930 ad

352 2963 614 3005 senectutem
650 2960 840 3015 provecti
877 2960 1018 3003 liberis
1053 2960 1183 3015 (quod
1221 2959 1343 3003 hodie
1383 2973 1550 3015 quoque
1585 2960 1721 3004 adhuc
1752 2963 1817 3005 est
1845 2960 1917 3004 ubi
1945 2959 2038 3013 fiat)
2080 2971 2149 3003 res
2176 2971 2274 3003 suas
2305 2955 2521 3015 (χρήματα
2550 2960 2576 3004 i.
2604 2971 2638 3003 e.
2669 2956 2747 3017 τὴν

354 3028 529 3087 οὓσίαν)
558 3033 838 3085 committunt,
880 3036 1039 3076 statum
1070 3032 1162 3076 sibi·
1188 3032 1370 3075 reditum
1405 3033 1491 3076 sive
1533 3034 1736 3077 alimenta
1774 3033 2038 3087 stipulantes.
2093 3031 2184 3076 Hoc
2222 3044 2274 3075 ne
2305 3032 2397 3086 quis
2425 3031 2556 3075 faciat
2591 3034 2744 3083 monet,

355 3118 536 3159 namque
564 3105 695 3158 liberi,
736 3105 886 3160 inquit,
919 3110 1020 3150 tunc
1049 3107 1229 3149 oderunt
1258 3118 1308 3148 ae
1337 3105 1604 3149 detestantur
1632 3109 1811 3159 patrem,
1851 3116 1987 3158 quem,
2027 3103 2063 3146 si
2092 3103 2234 3148 debita
2263 3105 2457 3148 condicta
2485 3089 2669 3159 quaerat
2693 3115 2746 3147 ex

353 3178 567 3232 stipulam,
612 3177 790 3221 mendici
829 3178 963 3233 instar
998 3180 1185 3221 tractant
1222 3176 1381 3231 (verbis
1423 3174 1552 3220 πόλλ’
1594 3172 1746 3233 ἀνιηρά
1786 3173 1951 3220 παθών
1989 3177 2206 3221 molestiae
2245 3177 2550 3232 significantur,
2593 3177 2744 3232 quibus

352 3251 472 3294 liberi
500 3255 666 3304 patrem
693 3254 897 3294 vexantes
928 3251 1099 3293 tandem
1131 3263 1179 3293 eo
1209 3250 1426 3293 adducunt
1453 3254 1502 3293 ut
1527 3263 1596 3295 res
1624 3262 1724 3294 suas
1754 3250 1805 3294 iis
1833 3248 2005 3304 tradat).
2064 3249 2180 3293 Haec
2208 3250 2338 3303 igitur
2365 3253 2492 3304 poeta
2521 3251 2580 3294 sic
2607 3249 2746 3293 elocu-

352 3327 423 3365 tus
452 3326 529 3376 est,
563 3327 625 3375 ut,
662 3323 902 3377 praemissis
930 3324 1069 3366 verbis
1106 3322 1270 3373 παῖδας
1306 3321 1405 3365 ἐπεὶ
1443 3322 1642 3378 θρέψαιο
1674 3322 1743 3364 καὶ
1775 3315 1940 3376 ἄρμενα
1968 3318 2111 3363 πάντα
2140 3317 2385 3376 παράσχοις
2411 3323 2510 3376 (hoc
2540 3322 2628 3366 scil.
2658 3322 2745 3364 cul-

353 3406 450 3446 pam
488 3401 637 3447 auget:
681 3399 776 3449 post
804 3399 868 3438 tot
906 3399 948 3439 et
984 3399 1107 3438 tanta
1144 3395 1372 3449 beneficia),
1396 3395 1555 3438 ‘altera
1591 3395 1802 3449 particula
1843 3405 2050 3438 summam
2088 3405 2178 3438 rem
2216 3406 2299 3438 non
2338 3395 2428 3438 sine
2466 3395 2506 3437 vi
2547 3393 2744 3438 inferret:
