2930 3880
1468 367 1526 413 16

311 490 438 538 dubio
471 495 679 538 sententia
707 497 936 538 communis
965 495 1006 536 in
1037 507 1168 549 eaque
1199 491 1300 545 νόος
1333 496 1523 537 aliorum.
1566 493 1708 545 itaque
1736 497 1810 535 aut
1837 490 1913 534 τὸν
1942 492 2051 535 ἐτῶν
2077 494 2163 535 sive
2191 488 2355 546 ἑτάρων
2384 491 2584 546 scriptum
2614 493 2693 535 fuit

314 574 389 612 aut
417 565 595 623 ἔτέρωντ
626 564 796 624 νήπιος,
826 565 926 611 ὅσθ’
963 565 1119 623 ἑτέρων
1147 566 1225 620 μὲν
1255 564 1343 618 ἔχει
1373 561 1473 606 νόον
1502 562 1546 604 ἒν
1572 564 1810 621 φυλακῇσιν
1839 581 1876 605 κ.
1906 580 1940 605 τ.
1973 565 2008 607 λ.
2637 574 2641 576 ’

442 641 490 684 In
520 654 558 682 v.
589 644 666 682 337
687 653 823 694 seqqa

838 710 947 764 Ζεύς
976 729 1052 766 μοι
1081 714 1167 753 τῶν
1196 725 1242 751 τε
1276 707 1416 765 φίλων
1445 706 1542 761 δοίη
1574 705 1699 760 τίσιν,
1731 707 1776 748 οἳ
1804 722 1858 760 με
1887 707 2095 763 φιλεῦσιν,

893 788 980 827 τῶν
1007 785 1044 825 τ’
1075 776 1246 835 ἐχθρῶν
1274 779 1435 833 μεῖζον,
1467 774 1628 832 Κύρνε,
1658 775 1957 833 δυνησόμενον.

838 851 1002 910 χοῖτως
1029 850 1080 895 ἂν
1111 849 1305 904 δοκέοιμι
1334 849 1426 903 μετ’
1458 843 1712 903 ἀνθρώπιον
1737 846 1848 898 θεός
1878 842 1999 902 εἶναι,

894 924 939 970 εἴ
962 927 1004 980 μ’
1036 919 1357 976 ἅποτισάμενον
1382 923 1517 975 μοῖρα
1545 919 1658 973 κίχοι
1686 916 1896 962 θανάτου.

313 1018 447 1058 neque
471 1001 770 1060 δυνησόμενον,
804 1003 868 1043 cui
896 1000 1014 1042 deest
1042 995 1150 1049 quod
1180 995 1279 1039 addi
1307 994 1453 1047 nequit
1478 992 1546 1047 μέ,
1566 1005 1700 1047 neque
1721 1005 1864 1035 eorum
1885 1005 1993 1047 quae
2022 997 2238 1047 proposita
2258 1001 2375 1040 sunt:
2405 998 2693 1055 δυνησομένῳ,

311 1075 601 1133 δυνησαμὲνῳ,
632 1072 927 1127 δινησομινην,
962 1067 1273 1124 δυνησομένων,
1304 1063 1646 1121 ὀδυνησομένων,
1681 1059 1984 1120 ὀδυνησέμεναι
2015 1067 2242 1119 quidquam
2281 1069 2368 1111 Sive
2399 1072 2697 1123 grammaticae

312 1151 399 1194 sive
428 1149 661 1193 sententiae
687 1145 904 1190 satisfacit.
949 1140 1241 1195 corrigendum
1271 1140 1455 1182 videtur:

839 1211 950 1265 Ζεύς
977 1229 1052 1268 μοι
1079 1214 1168 1254 τῶν
1198 1227 1245 1254 τε
1275 1210 1416 1268 φίλων
1448 1210 1562 1266 δοίη
1574 1210 1696 1261 τίσιν,
1730 1209 1776 1251 σι’
1801 1224 1854 1262 με
1887 1209 2013 1266 φιλεῖ
2008 1225 2097 1263 σιν,

892 1288 978 1328 τῶν
1006 1286 1041 1327 τ’
1076 1284 1248 1339 ἐχθρῶν
1278 1282 1425 1338 μείζω,
1456 1279 1605 1336 Κύρνζ
1637 1276 1805 1337 ὀδύνην
1818 1280 2014 1335 θέμεναι.

310 1366 421 1419 quod
452 1364 642 1416 neglecta
672 1361 842 1404 elisione
869 1359 989 1402 facile
1019 1359 1057 1400 in
1089 1357 1288 1400 librorum
1321 1356 1540 1398 lectionem
1568 1354 1910 1397 commutabatur
1940 1354 2007 1407 (cf.
2028 1367 2066 1397 v.
2087 1358 2163 1397 871
2191 1391 2199 1399 .
2223 1390 2230 1398 .
2256 1391 2263 1399 .
2287 1354 2324 1399 εἰ
2353 1355 2412 1413 μή
2446 1356 2527 1413 ἐγώ
2557 1362 2698 1402 τοῖσιν

308 1438 387 1492 μὲν
417 1433 645 1489 ἐπαρκέσω
677 1434 723 1476 οἵ
749 1448 802 1488 με
834 1432 1044 1487 φιλεῦσιν,
1073 1431 1167 1480 τοῖς
1195 1428 1231 1471 δ’
1264 1427 1445 1482 ἐχθροῖς
1471 1420 1567 1483 ἆνίη
1595 1426 1666 1468 καὶ
1693 1425 1800 1481 μέγα
1826 1427 1933 1483 πῆμ’
1965 1424 2152 1482 ἔσομαι).

440 1508 581 1550 Etiam
610 1521 647 1549 v.
680 1509 758 1548 287
780 1517 863 1557 seq.
894 1504 1077 1546 nondum
1108 1503 1246 1545 sanati
1273 1513 1362 1543 esse
1392 1500 1604 1542 videntur:

840 1575 883 1618 ἐν
910 1572 987 1630 γάρ
1016 1590 1085 1616 τοι
1113 1570 1241 1616 πόλει
1273 1563 1357 1614 ὦδε
1386 1568 1622 1628 κακοψόγῳ
1651 1569 1825 1614 ἁνδάνει
1855 1567 1996 1615 οὐδέν·

894 1645 953 1698 (ὃς
982 1646 1028 1690 δὲ
1057 1643 1107 1689 τὸ
1143 1648 1280 1688 σῶσαι
1313 1641 1354 1687 οἳ
1383 1644 1543 1687 πολλοὶ
1574 1638 1867 1698 ἇνολβότεροι.

310 1725 455 1777 Poeta,
476 1728 526 1767 ut
546 1724 589 1766 in
608 1736 645 1766 V.
663 1725 741 1765 369
772 1724 1027 1776 μωμεῖσθαι
1059 1724 1102 1763 et
1130 1722 1365 1774 μιμεῖσθαι
1391 1719 1654 1775 (μωμεῦνται
1683 1716 1731 1759 δέ
1756 1732 1810 1771 με
1838 1717 1996 1760 πολλοὶ
2025 1714 2145 1771 ὁμῶς
2172 1717 2297 1760 κακοὶ
2323 1716 2400 1774 ἠδὲ
2427 1718 2499 1760 καὶ
2528 1718 2696 1772 ἐσθλοὶ,

308 1799 544 1852 μιμεῖσθαι
564 1796 599 1838 δ’
633 1790 776 1845 οὐδεὶς
798 1797 886 1837 τῶν
913 1789 1095 1851 ἄσόφων
1123 1788 1327 1845 δύναται),
1358 1793 1417 1835 sie
1438 1803 1548 1834 nunc
1570 1790 1720 1846 ψέγειν
1740 1794 1784 1833 et
1804 1793 2007 1833 νοεῖσθαι.
2029 1791 2138 1834 inter
2168 1804 2212 1834 se
2243 1793 2484 1845 opposuisse
2509 1792 2695 1835 videtur:

311 1856 551 1924 vituperare
581 1870 623 1911 in
651 1869 732 1911 hac
763 1868 929 1911 civitate
959 1879 1100 1909 omnes
1129 1866 1269 1908 omnia
1297 1865 1448 1914 sciunt,
1489 1865 1542 1906 ad
1575 1864 1863 1907 meditandum
1895 1867 1937 1907 et
1967 1863 2281 1907 deliberandum
2312 1861 2377 1917 (ἐς
2405 1862 2452 1906 δὲ
2479 1861 2529 1906 τὸ
2562 1860 2697 1907 νώσα-

310 1942 437 1996 σθαι)
458 1941 610 1995 vulgus
632 1936 692 1994 (οὶ
720 1938 895 1992 πολλοὶ)
923 1938 1110 1981 stolidior
1139 1940 1215 1980 est.
1254 1949 1338 1980 non
1365 1937 1616 1979 lacessierim
1647 1947 1788 1979 vocem
1817 1933 2067 1992 κακοψόγῳ,
2099 1937 2178 1979 etsi
2206 1937 2339 1990 magis
2373 1937 2546 1990 vulgare
2576 1936 2700 1993 φιλο-

310 2008 438 2068 ψόγῳ
471 2017 514 2056 et
543 2007 814 2066 κακοστόμῳ,
853 2011 924 2054 Sed
956 2005 1205 2065 κακόψογος
1244 2013 1287 2051 et
1323 2014 1436 2052 recte
1471 2008 1697 2052 formatum
1731 2009 1796 2062 (ef.
1827 2005 2078 2065 κακήγορος,
2117 2005 2366 2064 κακόλογος,
2393 2005 2699 2065 κακορρήμων)

312 2090 354 2129 et
383 2086 632 2128 sententiam
667 2085 800 2138 magis
829 2084 1034 2126 illustrat:

841 2155 885 2198 ἐν
914 2151 990 2210 γάρ
1019 2171 1089 2197 τοι
1118 2150 1246 2196 πόλει
1277 2143 1362 2196 ὦδε
1388 2149 1624 2209 κακοψόγῳ
1659 2149 1829 2194 ἁνδάνει
1859 2146 2006 2194 οὐδέν·

896 2226 938 2277 ἐς
968 2225 1014 2269 δὲ
1041 2223 1096 2269 ’τὸ
1129 2221 1321 2268 abacto&
1355 2221 1395 2267 οὶ
1425 2223 1584 2266 πολλοὶ
1612 2217 1904 2277 οἷνολβότέροι.

445 2301 492 2342 V.
525 2304 604 2342 441
640 2300 735 2342 libri
764 2299 983 2342 exhibent:

844 2364 996 2421 Οὐδείς
1027 2386 1095 2412 τοι
1125 2366 1250 2411 πάντ’
1282 2368 1372 2412 ἐστὶ
1399 2366 1655 2422 πανόλβιος·
1686 2361 1780 2411 ἄλλ’
1813 2365 1836 2411 ὁ
1868 2367 1945 2422 μὲν
1977 2364 2139 2418 ἐσθλὸς

895 2443 1034 2500 τολμᾷ
1064 2440 1173 2495 ἔχων
1202 2439 1252 2484 τὸ
1285 2439 1429 2496 κακὸν,
1458 2435 1564 2483 κούκ
1594 2439 1798 2495 ἐπίδηλος
1828 2437 1947 2494 ὅμως
1977 2456 2012 2482 κ.
2044 2455 2079 2482 τ.
2108 2439 2145 2482 λ.

313 2517 405 2568 (AO
438 2518 478 2558 in
509 2517 758 2569 repetitione
788 2519 882 2569 post
911 2527 948 2556 v.
986 2518 1090 2556 1162
1121 2513 1355 2569 ἐπίδηλον).
1406 2514 1446 2555 in
1476 2514 1541 2556 his
1571 2513 1669 2566 quid
1699 2512 1827 2554 verba
1857 2505 1961 2554 κούκ
1994 2510 2198 2566 ἐπίδηλος
2229 2512 2315 2554 sive
2349 2509 2553 2566 ἐπίδηλον
2579 2507 2701 2564 ὅμως

313 2590 391 2634 sibi
422 2590 555 2632 velint
591 2602 671 2632 non
715 2590 859 2642 liquet.
907 2583 1011 2629 κοῦκ
1041 2586 1244 2643 ἐπίδηλος
1275 2583 1394 2640 ὅμως
1430 2586 1700 2640 significaret:
1735 2581 1831 2628 ‘etsi
1862 2585 1940 2627 hoc
1973 2595 2054 2626 non
2088 2575 2464 2633 animadvertitur'‚
2496 2581 2701 2637 ἐπίδηλον

310 2660 407 2706 ‘etsi
437 2663 594 2705 malum
626 2675 709 2704 non
739 2654 1116 2713 animadvertit-ur'‚
1147 2672 1256 2713 quae
1285 2672 1358 2701 cur
1387 2659 1453 2702 hie
1491 2659 1636 2702 addita
1665 2657 1821 2701 fuerint
1850 2668 1932 2699 non
1967 2655 2240 2708 intellegitur.
2300 2654 2464 2697 Scilicet
2493 2655 2601 2696 inter
2630 2652 2702 2696 καὶ

314 2739 358 2779 et
378 2731 497 2789 ὅμως
518 2736 770 2777 contrarium
793 2735 903 2776 vocis
924 2733 1087 2787 τολμᾶν
1107 2733 1290 2786 positum
1314 2737 1425 2775 erat:
1458 2736 1504 2774 ut,
1526 2732 1569 2773 in
1601 2743 1635 2772 v.
1656 2731 1761 2771 1029
1789 2729 1966 2782 legitur:
1995 2723 2145 2780 τόλμα,
2177 2725 2306 2779 θυμὲ,
2338 2727 2533 2767 κακοῖσιν
2559 2721 2701 2779 ὅμως

315 2801 509 2863 ἔτλητα
541 2801 855 2859 πεπονθιίς,
885 2807 941 2848 sie
972 2806 1011 2848 h.
1043 2806 1068 2849 l.
1100 2807 1299 2858 scriptum
1330 2809 1447 2847 erat:
1479 2798 1608 2845 κούκ
1637 2801 1924 2858 ἐπίτλητον
1955 2796 2096 2854 ὅμως
2124 2799 2150 2842 i.
2182 2811 2215 2841 e.
2248 2798 2375 2841 etiam
2407 2798 2700 2851 gravissimum

317 2879 557 2936 (ἐπιτλῆναι
578 2883 702 2933 poeta
722 2880 849 2922 etiam
872 2879 910 2920 in
935 2892 970 2921 v.
987 2882 1065 2920 441
1094 2878 1304 2921 adhibuit.
1334 2871 1427 2919 ἄλλ’
1460 2875 1696 2930 ἐπιτολμᾶν
1725 2870 1804 2928 χρή
1836 2874 1925 2928 δεῦρ
1967 2867 2231 2923 αθανάτων).
2260 2871 2308 2913 In
2334 2871 2451 2913 initio
2469 2870 2697 2925 Bergkius:

318 2945 460 3002 ουδεὶς
488 2948 565 3006 γὰρ
599 2946 722 2991 πάντ’
756 2949 870 2992 ἐστὶν
897 2946 1109 3003 ανόλβιος,
1140 2954 1286 2993 contra
1320 2950 1575 2993 sententiam
1606 2948 1704 2991 loci:
1752 2959 1873 2991 nemo
1906 2957 2078 3000 prorsus
2114 2944 2233 2985 malis
2264 2946 2388 2994 caret,
2421 2943 2493 2985 sed
2526 2943 2621 2985 boni
2652 2955 2703 2985 ea

315 3023 426 3067 ferre
455 3024 591 3067 sciunt
620 3026 699 3065 cet
742 3034 877 3075 neque
905 3027 1047 3066 tamen
1077 3023 1168 3066 ideo
1201 3035 1293 3065 cum
1325 3022 1561 3075 Hartungio
1590 3014 1731 3070 ουδεὶς
1758 3015 1849 3073 γὰρ,
1874 3013 2021 3071 Κύρν’,
2054 3014 2145 3058 ἐστὶ
2174 3011 2410 3068 πανόλβιος
2438 3015 2701 3058 scribendum

319 3098 405 3139 sive
435 3090 576 3145 οὐδείς
606 3111 672 3137 τοι
700 3091 859 3149 βροτός
888 3095 978 3138 ἐστι
1008 3092 1258 3149 πανόλβιος,
1288 3095 1371 3136 alia
1400 3094 1565 3146 similia,
1600 3105 1693 3136 cum
1723 3103 1832 3144 quae
1868 3090 1962 3132 libri
1995 3089 2155 3131 habent
2182 3088 2303 3130 facile
2331 3088 2445 3131 nasci
2475 3089 2701 3141 potuerint,

319 3181 400 3210 non
433 3168 723 3212 animadversa
754 3169 838 3211 scil.
873 3170 1055 3219 elisione,
1089 3182 1162 3211 ex:
1208 3161 1349 3217 οὐδείς
1383 3181 1452 3208 τοι
1486 3162 1615 3208 πάντ’
1649 3163 1739 3207 ἐστι’
1773 3162 1872 3205 ποτ’
1908 3154 2056 3215 ὄλβιος
2083 3161 2245 3215 (eadem
2278 3160 2482 3203 medicina
2511 3160 2702 3203 adhiberi

319 3244 459 3292 potest
482 3241 717 3294 fragmento
747 3240 1021 3293 Bacchylideo
1051 3241 1095 3283 B.
1129 3244 1163 3293 1,
1197 3242 1242 3281 3:
1275 3233 1325 3280 οὗ
1354 3234 1431 3293 γάρ
1459 3253 1524 3289 τις
1556 3234 1823 3290 ἐπιχθονίων
1851 3231 1993 3276 πάντα
2018 3232 2117 3274 ποτ’
2148 3227 2364 3286 εὐδαίμων
2398 3230 2520 3288 ἔφυ);

846 3307 987 3363 οὐδείς
1014 3328 1083 3354 τοι
1113 3309 1237 3354 πάντ’
1270 3309 1362 3353 ἐστι’
1389 3310 1489 3352 ποτ’
1520 3303 1688 3362 ὄλβιος·
1719 3301 1807 3349 ἀλλ’
1841 3303 1864 3349 ὁ
1895 3305 1974 3360 μὲν
2005 3300 2167 3354 ἐσθλὸς

900 3383 1038 3442 τολμᾷ
1064 3379 1183 3435 ’ἔχων
1211 3379 1261 3424 τὸ
1291 3377 1423 3422 κακὸν
1451 3376 1556 3422 κούκ
1588 3378 1817 3434 ἐπίτλητον
1847 3373 1966 3431 ὅμως
1995 3392 2032 3418 κ.
2063 3391 2100 3418 τ.
2129 3375 2166 3417 λ.
