2930 3880
1465 313 1490 352 8

418 426 467 468 In
496 426 734 486 fragmento
763 440 801 470 v.
834 431 913 472 309
943 441 1082 483 seqq.:

835 500 905 542 Ἔν
933 499 1012 555 μέν
1040 501 1307 545 συσσίτοισιν
1333 496 1440 556 ἀνήρ
1472 500 1747 554 πεπνυμένος
1777 495 1899 556 εἶναι,

870 570 1013 615 πάντα
1042 572 1091 616 δέ
1117 589 1192 628 μιν
1223 570 1378 630 λήθειν
1409 569 1468 623 ὦς
1495 565 1687 613 ἅπέοντα
1717 572 1855 616 δοκοῖ.

817 642 879 696 εἰς
910 644 958 688 δὲ
986 645 1115 702 φέροι
1144 642 1197 687 τὰ
1224 645 1385 700 γελοῖα,
1414 641 1585 700 θύρηφι
1617 643 1664 686 δὲ
1692 643 1900 700 καρτερὸς
1928 642 2007 702 εἴη,

868 714 1089 772 γινώσκων
1119 711 1250 772 ὀργῆν
1279 712 1330 772 ἥν
1359 717 1438 758 τιν’
1471 713 1652 766 ἕκαστος
1680 713 1782 769 ἔχει.

282 786 399 829 initio
429 788 603 831 alterius
632 788 796 831 distichi
828 789 944 832 codd.
976 786 1038 839 εἷς
1067 787 1114 831 δὲ
1144 793 1187 832 et
1216 785 1254 830 εἰ
1285 785 1344 840 δὲ,
1390 790 1436 830 Κ
1462 788 1827 845 lacunam,habet.
1871 790 2086 844 corrigunt
2113 781 2161 832 εὖ
2190 790 2239 834 δὲ
2266 791 2396 849 φέροι
2422 789 2478 835 τὰ
2510 793 2671 848 γελοῖα.

282 858 370 911 sed,
415 871 510 902 cum
540 859 691 903 Graeci
720 860 858 904 dicere
887 860 1071 903 solerent
1099 856 1288 916 κούφως,
1335 856 1503 919 πρᾴως,
1546 860 1707 917 ῥᾳδίως
1747 859 1896 917 φέρειν
1934 865 2009 903 aut
2044 866 2211 904 tantum
2249 862 2411 920 φέρειν,
2451 866 2587 909 nescio
2617 878 2674 910 an

281 934 407 985 poeta
447 927 685 988 Ὁμηρικῶς
724 931 794 986 (cf.
825 944 889 975 ΒΧ.
919 945 952 974 e.
983 931 1059 974 Od.
1095 934 1130 984 2,
1163 934 1243 974 340
1282 930 1327 974 έν
1370 931 1417 974 δὲ
1462 931 1598 974 πίθοι
1644 927 1782 974 οἴνοιο
1812 931 2002 974 παλαιοῦ
2042 928 2285 989 ἡδυπότοιο
2314 931 2516 992 ἕστασαν)
2547 935 2594 980 ἐν
2621 936 2670 981 δέ

281 1003 427 1056 (intus,
472 1005 515 1047 in
546 1002 750 1059 convivio)
783 1004 1025 1056 opposuerit
1053 1005 1115 1059 τῷ
1145 1000 1328 1061 θύρηφι.
1374 1005 1430 1047 sic
1456 1006 1583 1048 etiam
1612 1005 1884 1058 intellegitur,
1913 1005 2121 1058 quomodo
2153 1005 2314 1050 factum
2345 1007 2413 1061 sit,
2436 1013 2485 1052 ut
2511 1009 2670 1053 librarii

279 1075 410 1131 (quod
442 1077 646 1131 Bergkius
676 1076 853 1128 monuit)
885 1079 1175 1129 pentametros
1204 1077 1548 1131 permutaverint,
1579 1078 1724 1120 iisdem
1757 1078 1912 1120 scilicet
1956 1077 2300 1121 hexametrorum
2329 1079 2456 1122 initiis
2495 1080 2671 1139 decepti.

277 1146 361 1191 Sed
392 1151 614 1200 praeterea
643 1158 726 1189 non
764 1150 868 1198 puto
907 1147 970 1202 τῷ
1012 1143 1066 1188 τὰ
1107 1147 1255 1202 γελοῖα
1294 1147 1474 1204 φέροντι
1517 1151 1755 1207 oppositum
1803 1150 1933 1194 fuisse
1971 1147 2047 1193 τὸν
2090 1147 2309 1206 καρτερόν.
2370 1152 2527 1196 scilicet
2566 1154 2673 1198 dixit

278 1223 423 1275 poeta:
456 1220 489 1263 si
521 1220 615 1272 quis
645 1231 771 1273 asper
800 1231 890 1262 esse
919 1220 1011 1263 vult
1040 1224 1083 1263 et
1111 1221 1300 1274 mordax,
1332 1226 1454 1264 extra
1483 1223 1714 1265 convivium
1744 1224 1842 1266 talis
1872 1223 1938 1276 sit,
1965 1236 2047 1266 non
2076 1223 2187 1266 inter
2213 1225 2420 1268 convivas.
2471 1225 2670 1279 idque‘et

280 1293 456 1336 lucidius
484 1293 610 1346 paulo
638 1296 680 1335 et
709 1292 886 1347 lepidius
915 1293 1033 1336 illum
1062 1293 1220 1337 dixisse
1247 1295 1485 1347 putaverim
1517 1295 1669 1338 verbis:
1701 1291 1873 1352 θύρηφι
1901 1294 1949 1338 δὲ
1977 1292 2191 1350 κάρχαρος
2212 1291 2279 1352 εἴη
2306 1297 2423 1349 (Hes.
2452 1293 2665 1354 κάρχαρος

278 1362 433 1421 τραχύς
461 1364 531 1407 καὶ
562 1358 673 1418 ὀξύς.
731 1366 819 1407 noti
847 1369 947 1407 sunt
976 1379 1029 1408 ex
1059 1366 1254 1415 Homero,
1280 1366 1460 1410 Hesiodo
1488 1369 1531 1407 et
1562 1366 1842 1419 Aristophane
1872 1363 1994 1417 κύνες
2024 1364 2404 1422 καρχαρόδοντες);

807 1435 851 1479 έν
879 1436 927 1479 δὲ
954 1438 1083 1495 φέροι
1109 1435 1162 1479 τὰ
1190 1439 1351 1494 γελοῖα,
1380 1435 1550 1495 θύρηφι
1580 1438 1628 1480 δὲ
1657 1435 1873 1492 κάρχαρος
1902 1435 1982 1495 εἴη,

871 1508 1013 1552 πάντα
1044 1510 1092 1553 δέ
1118 1527 1191 1565 μιν
1220 1508 1374 1567 λήθειν
1403 1508 1463 1561 ὠς
1495 1506 1686 1553 ἅπέοντα
1716 1511 1851 1554 δοκοῖ.
1923 1561 1927 1569 Χ

408 1656 457 1698 In
486 1668 522 1698 v.
558 1657 637 1698 897
669 1667 782 1710 seqq.
812 1655 994 1709 pessime
1024 1656 1192 1699 traditis
1222 1656 1319 1699 olim
1348 1659 1517 1709 recepta
1547 1656 1717 1710 Bergkii
1747 1657 1984 1700 coniectura
2013 1658 2132 1701 dedi:
2179 1639 2187 1649 ⁸

807 1723 954 1781 Κύρν’,
988 1725 1026 1770 εἰ
1054 1724 1180 1769 πάντ’
1212 1720 1415 1782 ύὲνδρεσσι
1445 1730 1736 1784 καταθνητοῖς
1760 1727 2016 1781 χαλέπαινεν

861 1797 1081 1856 γινώσκων
1109 1799 1227 1851 Ζεύς
1254 1801 1354 1843 νοῦν
1385 1793 1482 1843 οἷον
1510 1797 1691 1851 ἕκαστος
1721 1797 1811 1854 ἔχει

806 1870 926 1924 ἐντὸς
953 1873 1014 1916 ἐνὶ
1043 1871 1259 1929 στήθεσσι
1288 1872 1361 1915 καὶ
1387 1867 1520 1929 ἀρχὴν
1549 1874 1628 1915 τοῦ
1656 1888 1703 1915 τε
1734 1872 1902 1916 δικαίου

861 1948 937 1989 τοῦ
967 1947 1003 1988 τ’
1036 1940 1202 2000 ἆδίκου,
1230 1945 1338 2002 μέγα
1370 1962 1442 1988 κεν
1473 1947 1601 2002 πῆμα
1627 1947 1852 2001 βροτοῖσιν
1879 1945 2004 2002 ἐπῆν.

274 2030 351 2072 pro
385 2020 571 2064 codicum
600 2019 685 2064 scil.
714 2021 892 2064 lectione
921 2020 992 2063 καὶ
1021 2017 1210 2076 ἔργματα
1238 2020 1498 2063 substituens
1535 2018 1605 2061 καὶ
1648 2013 1782 2074 ἀρχήν
1827 2019 1938 2073 (coll.
1982 2019 2133 2074 fragm.
2173 2006 2293 2065 Pind.
2332 2014 2443 2077 α’ρχὰ
2479 2018 2667 2078 μεγάλας

272 2086 447 2148 ἀρετᾶς,
478 2086 635 2137 ὤνασσ’
664 2088 906 2148 Ἀλάθεια).
946 2080 948 2082 ’
979 2107 1062 2137 non
1102 2106 1169 2137 me
1202 2093 1390 2147 fugiebat
1429 2093 1663 2134 sententiae
1699 2092 1758 2134 sic.
1795 2092 1928 2146 magis
1966 2094 2179 2147 provisum
2222 2105 2313 2136 esse
2356 2106 2484 2149 quam
2514 2095 2667 2139 litteris

275 2165 455 2209 traditis.
515 2165 581 2210 his
611 2166 736 2220 paulo
765 2167 937 2220 propius
965 2166 1182 2209 accederet
1210 2164 1385 2219 pluralis
1415 2157 1546 2217 άρχάς
1589 2164 1658 2217 (cf.
1703 2164 1919 2209 Demosth.
1956 2165 2126 2220 Olynth.
2161 2168 2197 2217 2,
2234 2169 2284 2208 lo
2314 2163 2466 2221 ὥσπερ
2496 2165 2574 2223 γὰρ
2605 2160 2668 2212 οἶ·

271 2234 376 2288 κίας,
410 2229 544 2291 οἶμαι,
576 2235 647 2278 καὶ
676 2235 835 2278 πλοίου
866 2236 937 2278 καὶ
967 2238 1055 2278 τῶν
1085 2229 1227 2277 ἄλλων
1255 2237 1343 2278 τῶν
1372 2232 1583 2279 τοιούτων
1612 2235 1665 2278 τὰ
1692 2234 1895 2280 κάτωθεν
1927 2235 2170 2291 ἰσχυρότατ’
2201 2233 2311 2280 εἶναι
2337 2238 2419 2293 δεῖ,
2451 2236 2566 2282 οὕτω
2593 2239 2663 2282 καὶ

270 2309 359 2350 τῶν
387 2305 590 2362 πράξεων
618 2305 695 2359 τὰς
727 2302 858 2362 άρχάς
888 2309 956 2351 καὶ
987 2305 1063 2359 τὰς
1091 2305 1332 2359 ὑποθέσεις
1358 2302 1542 2365 ἀληθεῖς
1570 2308 1641 2351 καὶ
1669 2308 1835 2360 δικαίας
1861 2303 1971 2351 εἶναι
2002 2306 2246 2367 προσήκει),
2276 2311 2349 2354 sed
2378 2324 2487 2354 nunc
2516 2323 2659 2356 vocem

273 2381 491 2435 antiquam
522 2374 714 2436 ἄργματα
744 2383 810 2436 (ut
841 2383 939 2425 alibi
969 2376 1162 2435 ἀπαρχαί
1190 2386 1233 2425 et
1262 2375 1558 2437 α’πάρχεοθαι,
1587 2394 1655 2435 ap.
1689 2382 1902 2425 Romanos
1929 2375 2193 2436 ‘primitiae')
2235 2396 2362 2427 sensu
2396 2384 2532 2438 magis
2570 2396 2665 2439 pro·

270 2453 362 2507 prio
391 2453 624 2496 adhibitam
655 2465 744 2496 esse
774 2454 974 2506 suspicor,
1023 2459 1072 2494 ut
1099 2453 1391 2506 corrigendum
1423 2454 1496 2497 sit:
1542 2453 1614 2497 καὶ
1656 2446 1851 2510 ἄργματα
1894 2455 1982 2495 τῶν
2019 2468 2067 2496 τε
2097 2454 2276 2497 δικαίων
2304 2457 2393 2498 τῶν
2419 2456 2456 2497 τ’
2487 2450 2661 2500 ἀδίκων.

270 2524 338 2569 Sic
367 2537 448 2568 vox
476 2524 664 2580 ἑμπορίη
694 2537 777 2568 non
807 2526 858 2569 de
888 2531 1128 2569 mercatura
1159 2525 1271 2567 diota
1300 2531 1375 2578 est,
1420 2525 1492 2567 sed
1522 2526 1574 2569 de
1599 2526 1747 2570 itinere
1776 2526 1968 2570 faciendo
1998 2529 2064 2579 (ut
2091 2524 2431 2581 ἐμπορεύεσθαι,
2462 2541 2499 2572 v.
2531 2541 2564 2571 c.
2595 2541 2662 2582 ap.

273 2597 461 2651 Sophocl.
491 2595 595 2639 Oed.
626 2599 705 2650 tyr.
737 2610 775 2639 v.
806 2599 886 2638 456
916 2597 967 2638 de
997 2597 1153 2650 Oedipo
1185 2596 1305 2653 ξένην
1335 2594 1410 2640 ἔπι
1443 2632 1451 2640 .
1486 2631 1495 2640 .
1528 2601 1651 2653 γαῖαν
1681 2595 2015 2653 ἐμπορεύσεται)
2044 2600 2087 2641 in
2120 2612 2155 2642 v.
2180 2602 2307 2642 1166:
2615 2588 2617 2590 ’

812 2671 917 2719 Τοῖς
946 2664 1136 2724 οἷγαθοῖς
1165 2665 1388 2724 σύμμισγε,
1417 2672 1588 2712 κακοῖσι
1619 2669 1666 2712 δέ
1694 2666 1753 2726 μή
1782 2671 1894 2712 ποθ’
1916 2666 2112 2724 ὁμάρτει,

856 2731 943 2783 εὖτ’
973 2735 1024 2782 ἓν
1054 2736 1160 2783 ὁδοῦ
1193 2739 1335 2796 τελεῆι
1365 2741 1537 2797 τέρματ’
1573 2741 1859 2798 ἑπεμπορέην.

270 2826 379 2867 quae
408 2815 466 2858 sic
499 2814 763 2856 emendanda
790 2825 880 2856 esse
910 2814 1119 2856 videntur:

811 2876 897 2928 εὖτ’
927 2881 978 2927 ἂν
1007 2883 1113 2928 ὁδοῦ
1144 2886 1297 2943 στέλλῃ
1326 2886 1495 2940 τέρματ’
1527 2885 1596 2929 ἐπ’
1628 2885 1854 2943 ἐμπορίην.

271 2958 321 3000 cf.
348 2958 517 3002 Hesiod.
562 2970 629 3011 op.
663 2971 699 3001 V.
731 2960 809 3000 646
849 2950 935 3000 εὖτ’
965 2954 1017 3000 ἂν
1047 2957 1115 3000 ἐπ’
1145 2957 1359 3015 ἐμπορίην
1390 2958 1556 3016 τρέψῃς
1590 2951 1829 3015 ἇεσίφρονα
1858 2953 2017 3012 θυμόν,
2055 2957 2180 3012 Soph.
2211 2958 2316 3002 Phil.
2350 2971 2386 3002 v.
2419 2962 2525 3002 1416
2556 2955 2675 3004 ὁδὸν

271 3023 324 3084 ἣν
353 3028 531 3081 στέλλει,
572 3034 616 3074 et
644 3031 794 3074 Aesoh.
826 3031 963 3074 Prom.
995 3044 1031 3073 V.
1062 3033 1143 3073 284
1172 3028 1262 3087 ἥκω
1298 3031 1470 3087 δολιχῆς
1507 3032 1643 3086 τέρμα
1678 3027 1892 3074 κελεύθου
1934 3027 2291 3085 διαμειψάμενος.
2353 3032 2514 3076 Addam
2555 3032 2594 3075 h.
2617 3033 2657 3076 Ι.’

271 3104 520 3146 sententiam
548 3116 685 3147 meam
716 3104 768 3145 de
802 3117 839 3146 v.
872 3106 951 3145 335
981 3116 1091 3156 seq.:

806 3175 951 3231 Μηδὲν
979 3169 1083 3230 ἄγαν
1112 3173 1327 3219 σπεύδειν.
1356 3173 1532 3219 πάντων
1558 3177 1654 3231 μέσ’
1685 3177 1850 3231 ἄριστα.
1879 3176 1950 3218 καὶ
1979 3172 2131 3230 οὕτως,

861 3244 1003 3301 Κύρν’,
1035 3246 1145 3301 ἕξεις
1176 3244 1347 3306 ἀρετήν,
1379 3245 1480 3304 ἥντε
1508 3249 1656 3303 λαβεῖν
1685 3245 1887 3302 χαλεπόν.

272 3315 459 3360 Potuisse
490 3319 593 3361 haec
616 3317 673 3362 sic
705 3319 838 3371 scribi,
864 3331 1019 3372 negare
1048 3332 1129 3362 non
1160 3332 1344 3374 possum,
1376 3334 1469 3365 cum
1498 3322 1664 3375 reliqua
1692 3321 1840 3364 desint.
1899 3321 1971 3365 sed
2004 3326 2150 3365 'tamen
2192 3333 2274 3365 non
2318 3321 2464 3365 tacebo
2509 3334 2574 3363 me
2612 3321 2652 3362 in
