2930 3880
1473 328 1501 375 8

295 459 340 502 in
369 459 519 511 quibus
547 463 717 512 praeter
746 458 940 501 lacunam
969 458 1012 500 in
1040 458 1175 512 primo
1204 469 1329 500 versu
1358 457 1483 498 etiam
1515 455 1678 507 reliqua
1708 455 1847 498 omnia
1875 455 1985 498 male
2016 468 2061 498 se
2090 454 2256 498 habent.
2297 454 2399 496 Non·
2417 454 2588 498 dubium
2619 456 2679 498 vi-

296 531 421 574 detur
450 534 631 584 poetam,
661 534 710 573 ut
741 542 932 585 puerum„
953 530 1005 572 ad
1038 529 1354 584 gratificandum
1391 528 1602 577 adliceret,
1633 528 1744 581 preci
1775 540 1876 570 suae
1913 527 2119 570 addidisse
2149 530 2312 570 votum:
2356 526 2392 567 si
2430 525 2598 578 quando
2636 533 2682 570 et

293 604 382 657 ipse
421 616 606 646 amorem
644 615 849 657 quaerens
879 602 1008 646 alium
1037 602 1228 645 aditurus
1258 602 1323 651 sit,
1353 605 1401 641 ut
1430 600 1606 642 eandem
1642 603 1740 641 tunc
1778 612 1905 654 quam
1935 612 2045 642 nunc
2078 599 2242 642 dederit
2272 598 2449 652 accipiat
2481 600 2677 652 gratiam.

292 676 408 719 Haec
428 676 559 729 igitur
578 676 789 719 sententia
808 675 1031 728 incipiebat
1059 674 1194 716 verbis
1224 669 1270 714 εἴ
1290 686 1400 713 ποτε
1432 670 1502 712 καὶ
1531 667 1597 720 σύ,
1625 676 1668 714 et
1695 672 1891 724 apodosis
1919 679 2011 714 erat
2040 670 2206 725 δαίμων
2235 671 2331 726 δοίη
2358 685 2407 713 σε
2437 665 2681 723 οἷντιτυχεῖν

293 764 330 790 κ.
361 763 397 790 τ.
429 748 466 789 λ.
531 748 619 790 Iam
657 747 899 802 procedenti
935 747 1166 789 sententiae
1201 745 1372 786 obstant
1411 742 1540 785 verba
1576 740 1696 795 ἕξεις,
1736 740 1819 793 καί,
1858 736 1978 784 ἄλλά.
2027 739 2165 795 Ἕξεις
2201 743 2502 798 Κυκρογενοῦς
2539 742 2683 796 δῶρον

293 833 464 874 prorsus
494 821 679 863 alienum
709 820 760 862 ab
790 819 868 861 hoc
897 820 1000 861 loeo.
1046 817 1116 859 sed
1147 816 1278 857 videri
1316 815 1447 869 possit
1476 812 1586 866 ἕξεις
1617 813 1801 868 χρηΐζων
1838 814 2174 866 coniungentium
2205 827 2307 866 esse,
2345 819 2389 857 et
2426 814 2485 857 sic
2522 814 2683 856 librarii

295 898 338 936 et
365 893 547 936 editores
577 893 706 935 verba
735 892 943 944 accepisse
970 890 1178 932 videntur.
1225 888 1299 930 sed
1328 900 1472 930 vereor
1502 899 1553 928 ne
1581 887 1779 928 librarius
1810 886 1881 938 qui
1909 886 1988 928 hoc
2015 887 2197 939 primum
2219 887 2386 939 scripsit
2409 898 2461 928 ex
2480 887 2682 929 memoria

294 978 440 1008 versus
471 965 660 1019 proxime
690 963 975 1006 antecedentis
1004 960 1151 1015 (1303)
1183 954 1326 1001 οὐκέτι
1354 956 1486 1014 δηρὸν
1518 955 1627 1010 ἕξεις
1656 958 1972 1012 Κυπρογενοῦς
2009 956 2150 1010 δῶρον
2188 954 2449 1013 ἰοστεφάνου
2487 959 2554 1001 hic
2582 971 2683 1012 quo-

295 1049 375 1089 que
408 1034 518 1088 ἕξεις
547 1035 757 1088 scripserit
784 1045 859 1085 pro
889 1029 994 1085 ἑξῆς,
1025 1032 1119 1074 dein
1149 1030 1221 1072 καὶ
1251 1030 1318 1072 ἐπ’
1350 1023 1480 1072 ἄλλον
1511 1027 1719 1082 ἐλεύσεαι,
1753 1030 1864 1083 quod
1894 1042 2004 1072 nunc
2032 1029 2314 1072 necessarium
2344 1031 2578 1084 videbatur,
2605 1044 2682 1085 pro

294 1109 371 1151 τιν’
400 1108 468 1151 ἐπ’
501 1101 630 1149 ἄλλον
660 1101 863 1148 ἐλεύσεαι.
899 1097 1028 1144 Ἀλλὰ
1056 1103 1098 1145 in
1127 1094 1228 1145 αὖτε
1258 1107 1467 1146 mutatum
1500 1108 1542 1146 et
1571 1104 1806 1146 sententiae
1837 1106 1880 1144 et
1909 1102 2081 1156 apodosi
2111 1103 2257 1155 aptum
2289 1105 2352 1143 est
2380 1102 2524 1155 (etiam
2553 1097 2685 1153 αὐτὸς

293 1186 338 1227 et
375 1175 504 1231 ἄλλος
540 1191 622 1222 non
661 1189 756 1220 raro
795 1175 1141 1230 confunduntur).
1191 1181 1413 1230 praeterea
1455 1189 1529 1230 pro
1568 1178 1654 1217 τῶν
1684 1170 1826 1217 αὐτῶν
1855 1169 2093 1226 ἅντιτυχεῖν
2126 1173 2281 1226 ἐπέων,
2312 1175 2421 1226 quod
2458 1174 2575 1217 nihili
2606 1178 2682 1227 est,

294 1253 582 1308 corrigendum
611 1252 698 1291 τῶν
724 1242 872 1290 αὐτῶν
899 1243 1137 1302 ἅντιτυχεῖν
1165 1247 1363 1304 χαρίτων.
1397 1250 1600 1292 Incertius
1625 1254 1689 1292 est
1708 1250 1915 1301 quomodo
1945 1248 2098 1289 lacuna
2131 1246 2337 1298 explenda
2366 1247 2431 1297 sit,
2463 1247 2540 1290 nisi
2572 1247 2685 1300 quod

294 1325 502 1370 reicienda
530 1322 717 1364 Passovii
753 1322 988 1364 coniectura
1019 1320 1117 1375 ἐμοὶ
1153 1320 1200 1363 δὲ
1235 1320 1357 1363 δίδου
1387 1318 1524 1374 χάριν,
1565 1326 1704 1364 sumta
1737 1322 1811 1364 illa
1840 1334 1863 1364 e
1893 1333 1929 1363 v.
1967 1321 2072 1361 1303
2110 1311 2201 1359 ἀλλ’
2235 1315 2471 1371 ἐπίμεινον,
2511 1316 2609 1372 ἐμοὶ
2637 1316 2685 1360 δὲ

294 1397 415 1441 δίδου
444 1392 579 1449 χάριν,
611 1394 689 1446 ubi,
721 1406 813 1437 cum
845 1406 1027 1447 persona
1056 1398 1255 1446 mutetur,
1286 1398 1400 1437 recte
1428 1393 1619 1446 sequitur
1650 1392 1747 1447 ἐμοὶ
1787 1392 1847 1446 δὲ,
1878 1393 1989 1447 quod
2016 1395 2113 1445 post
2141 1387 2260 1432 αἱὸέο
2290 1405 2344 1444 με
2374 1389 2463 1434 fieri
2499 1403 2582 1434 non
2613 1402 2685 1445 po-

293 1471 386 1513 tuit.
443 1467 664 1511 verisimile
695 1470 759 1509 est
787 1466 925 1508 locum
958 1466 1092 1508 verbis
1123 1466 1324 1510 similibus
1361 1469 1444 1507 παῖ
1475 1470 1517 1509 et
1553 1467 1623 1508 καὶ
1661 1467 1880 1509 turbatum
1911 1478 2023 1509 esse:
2070 1463 2152 1507 fuit
2182 1467 2257 1505 aut
2286 1460 2404 1505 αἰδέο
2434 1463 2493 1517 μ’,
2523 1453 2559 1504 ὦ
2588 1465 2686 1517 παῖ,

292 1541 364 1583 καί
392 1556 438 1582 τε
470 1539 590 1582 δίδου
621 1535 744 1593 χάριν
774 1541 849 1581 aut
880 1535 999 1580 αἱδέο
1030 1538 1087 1592 μ’,
1120 1529 1155 1580 ὦ
1185 1541 1281 1588 παῖ,
1313 1541 1408 1590 παῖ,
1439 1537 1508 1580 καὶ
1540 1535 1615 1589 δὸς
1641 1536 1775 1593 χάριν.
1822 1539 1916 1593 dein
1948 1537 2223 1592 sequebatur:

1371 1607 1417 1653 εἷ’
1439 1626 1550 1653 ποτε
1581 1611 1650 1653 καὶ
1682 1610 1738 1653 σύ

877 1682 972 1740 ἑξῆς
1002 1684 1319 1738 Κυπρογενοῦς
1348 1682 1491 1735 δῶρον
1521 1679 1789 1738 ἰοστεφάνου

822 1755 1006 1811 χρηΐζων
1034 1754 1112 1797 τιν’
1142 1753 1210 1796 ἐπ’
1236 1747 1366 1796 ὄίλλον
1399 1750 1606 1807 ἐλεύσεαι,
1639 1744 1747 1796 αὖτέ
1773 1769 1822 1797 σε
1853 1754 2021 1808 δαίμων

879 1828 975 1885 δοίη
1005 1830 1092 1870 τῶν
1117 1821 1260 1869 αὐτῶν
1288 1820 1527 1879 α’ντιτυχεῖν
1554 1826 1752 1881 χαρίτων.

295 1906 415 1958 Quod
455 1907 497 1947 in
535 1905 600 1948 his
638 1898 878 1957 ἅντιτυχεῖν
916 1901 1058 1945 ἐπέων
1093 1901 1134 1942 in
1173 1893 1415 1952 οἷντιτυχεῖν
1449 1898 1647 1954 χαρίτων,
1677 1901 1789 1952 quod
1819 1900 2027 1944 sententia
2051 1901 2250 1954 postulat,
2282 1899 2457 1950 mutavi,
2487 1898 2688 1942 audacius

292 1980 372 2023 hoc
397 1979 573 2022 forsitan
601 1978 727 2020 alicui
751 1976 910 2021 factum
941 1987 1032 2019 esse
1060 1974 1264 2017 videatur.
1310 1972 1381 2015 sed
1414 1976 1556 2015 tamen
1584 1985 1666 2015 non
1695 1972 1943 2015 infitiabitur
1969 1975 2205 2026 quisquam,
2232 1973 2276 2016 in
2300 1972 2365 2015 his
2394 1970 2553 2014 altioris
2580 1970 2689 2013 anti-

295 2051 472 2105 quitatis
503 2050 751 2104 fragmentis
781 2049 932 2093 calami
961 2059 1126 2091 errores
1154 2047 1370 2089 modulum
1400 2047 1618 2099 vulgarem
1648 2045 1910 2098 aliquantum
1940 2045 2154 2089 excedere.
2211 2048 2255 2088 et
2283 2045 2349 2087 hic
2378 2044 2545 2097 quidem
2573 2043 2688 2096 quod

294 2125 388 2167 libri
420 2123 551 2166 nostri
578 2123 737 2166 habent
766 2135 819 2164 ex
849 2121 1006 2164 ultimis
1043 2121 1155 2163 vocis
1196 2120 1402 2173 genuinae
1434 2120 1604 2172 syllabis
1634 2123 1772 2161 ortum
1809 2131 1901 2161 esse
1934 2122 2036 2172 puto
2076 2121 2301 2172 postquam
2341 2116 2475 2170 prima
2515 2118 2690 2169 propter

295 2195 611 2238 similitudinem
644 2208 735 2237 cum
766 2188 1043 2247 praecedente
1076 2193 1242 2236 excidit.
1301 2191 1445 2234 Simile
1474 2193 1623 2234 vitium
1651 2191 1768 2234 video
1801 2192 1842 2233 in
1877 2203 1912 2233 v,
1945 2194 2026 2232 415
2049 2202 2184 2244 seqq:

827 2260 961 2309 οὐδέν’
997 2263 1152 2320 ὁμοῖον
1180 2264 1277 2319 ἐμοὶ
1306 2262 1488 2318 δύναμαι
1518 2260 1742 2320 διζήμενος
1771 2259 1914 2317 εὑρεῖν

882 2337 1041 2382 πιστὸν
1069 2335 1253 2392 ἑταῖρον,
1283 2333 1371 2392 ὅτῳ
1402 2333 1460 2394 μή
1488 2352 1554 2386 τις
1585 2334 1725 2378 ἔνεστι
1756 2331 1903 2385 δόλος·

826 2412 869 2463 ἐς
896 2408 1085 2465 βάσανον
1116 2411 1154 2453 δ’
1189 2406 1333 2452 ἐλθών
1364 2407 1688 2464 παρατρίβομαι
1717 2403 1830 2450 ὥστε
1858 2406 2053 2462 μολίβδῳ

881 2480 1052 2538 χρυσός,
1078 2481 1335 2537 ὑπερτερίης
1363 2482 1399 2524 δ’
1431 2475 1566 2536 όῖμμιν
1595 2479 1736 2523 ἔνεστι
1765 2476 1909 2534 λόγος·

298 2561 364 2603 hic
399 2571 566 2613 quoque
601 2554 727 2613 λόγος
766 2563 810 2601 et
840 2553 954 2609 νόος,
999 2568 1106 2610 quae
1144 2555 1303 2598 codices
1340 2554 1507 2606 habent,
1541 2567 1594 2597 ex
1624 2554 1775 2597 ultima
1801 2553 1915 2595 vocis
1945 2553 2151 2606 genuinae
2183 2552 2344 2604 syllaba
2374 2555 2467 2594 orta
2497 2550 2595 2592 mihi
2625 2551 2684 2592 vi-

299 2633 451 2675 dentur
478 2634 701 2685 postquam
730 2645 780 2671 τυ
809 2633 906 2682 post
932 2643 974 2670 τι
1003 2628 1168 2671 excidit.
1217 2636 1352 2679 neque
1377 2627 1486 2669 enim
1516 2627 1661 2670 dubito
1691 2626 1790 2679 quin
1819 2628 1945 2679 poeta
1973 2625 2211 2678 scripserit:

1057 2696 1316 2754 ὖπερτερίης
1346 2698 1382 2740 δ’
1415 2692 1549 2753 όὲμμιν
1582 2696 1736 2742 ἔπεστι
1764 2693 1915 2747 τύπος.
2106 2743 2109 2748 ,

299 2777 411 2819 Num
436 2776 563 2820 etiam
591 2770 685 2827 ἴσχε
716 2770 818 2816 νόον
838 2773 880 2815 in
902 2785 939 2814 v,
961 2775 1060 2814 365:
1088 2767 1181 2824 ἴσχε
1213 2767 1324 2823 νόον,
1355 2767 1527 2828 γλώσσῃ
1557 2770 1605 2813 δὲ
1632 2766 1682 2813 τὸ
1705 2769 1898 2823 μείλιχον
1925 2767 2015 2811 αἰὲν
2044 2766 2227 2811 ἑπέσθω
2258 2769 2336 2812 hoc
2364 2767 2486 2809 modo
2513 2779 2564 2809 ex
2593 2762 2687 2819 ἰ’σχε

299 2844 428 2902 χόλον
456 2851 595 2891 ortum
627 2848 692 2899 sit,
725 2847 776 2889 de
805 2846 884 2888 hoc
915 2857 1009 2888 cum
1039 2845 1176 2887 desint
1204 2855 1314 2897 quae
1342 2844 1650 2896 praecedebant
1680 2843 1784 2885 nihil
1813 2841 2136 2885 adfirmaverim.
2197 2840 2277 2884 Sed
2307 2829 2571 2892 interponam
2608 2839 2688 2882 hoc

298 2924 390 2966 loco
417 2920 639 2963 nonnullos
674 2919 784 2962 locos
822 2919 971 2961 calami
1003 2918 1114 2961 vitiis
1150 2919 1372 2969 tantopere
1401 2915 1657 2968 obscuratos,
1683 2919 1731 2957 ut
1760 2915 1825 2957 vel
1855 2913 2015 2957 frustra
2041 2926 2066 2955 a
2095 2914 2212 2956 nobis
2241 2913 2364 2956 hodie
2397 2911 2595 2964 temptari
2623 2910 2684 2953 di·

300 2994 462 3037 cantur.
507 3003 610 3045 quos
639 2991 674 3034 si
702 3002 786 3033 non
816 2991 1034 3041 corrigam,
1065 2990 1144 3032 hoc
1172 2990 1283 3032 certe
1314 2987 1575 3041 significasse
1603 2989 1732 3039 iuvat,
1754 2998 1959 3040 nusquam
1981 2985 2111 3027 videri
2134 2985 2231 3028 mihi
2251 2984 2557 3038 desperandum
2579 2995 2683 3034 esse,

301 3067 374 3109 sed
400 3065 661 3118 pergendum
691 3067 861 3106 strenue
885 3064 925 3105 in
955 3062 1204 3116 quaerendis
1234 3061 1438 3115 genuinis,
1466 3061 1515 3103 In
1545 3060 1704 3104 Solonis
1734 3059 1786 3102 de
1813 3058 2028 3102 hominum
2055 3057 2212 3100 divitiis
2242 3057 2442 3107 versibus,
2474 3056 2546 3108 qui
2575 3055 2688 3110 apud

301 3138 589 3190 Plutarchum,
622 3136 734 3190 apud
766 3135 991 3179 Stobaeum
1025 3139 1068 3177 et
1096 3136 1140 3177 in
1167 3134 1283 3178 codd.
1308 3133 1585 3186 Theognideis
1614 3132 1668 3187 (v.
1700 3134 1779 3173 719
1801 3133 1934 3183 seqq.)
1963 3141 2044 3172 non
2077 3131 2211 3172 solum
2245 3129 2380 3172 verbis
2413 3128 2585 3171 variatis
2615 3127 2689 3170 sed

303 3211 428 3253 etiam
459 3209 747 3253 communibus
779 3208 892 3250 vitiis
921 3206 1063 3250 referti
1093 3208 1314 3260 leguntur:
1720 3192 1723 3193 ⁷

499 3277 598 3325 ἶσόν
627 3296 695 3323 τοι
725 3280 1004 3333 πλουτοῦσιν,
1033 3276 1120 3334 ὅτῳ
1152 3278 1285 3333 (Stob.
1317 3273 1455 3330 ὅσοις)
1485 3273 1624 3326 πολὺς
1656 3268 1840 3330 ἷὶργυρός
1871 3273 1986 3316 ἐστιν

556 3354 625 3396 καὶ
656 3350 813 3408 χρυσὸς
840 3352 909 3394 καὶ
939 3353 1016 3407 γῆς
1045 3347 1305 3407 πυροφόρου
1335 3348 1465 3392 πεδία
