2930 3880
1428 223 1485 268 19

847 349 855 362 x
914 346 933 363 rx
1049 350 1057 363 x
1132 348 1140 362 ι
1261 341 1278 361 3
1408 343 1431 360 :n
1573 355 1575 359 .
1623 343 1647 360 3!
1852 346 1864 363 ς
1909 349 1918 362 r

746 390 751 393 .
795 354 884 406 Δην
907 366 957 407 ην
989 365 1060 401 και
1087 350 1210 407 φιλοι
1242 366 1371 404 ωμεν,
1399 365 1521 406 αφαρ
1551 350 1587 391 δ’
1619 350 1812 392 αλλοισιν
1842 350 1983 403 ομιλει

849 418 1068 477 ἀνδράσιν,
1097 419 1145 464 οἳ
1167 419 1244 465 τὸν
1271 419 1350 464 σὸν
1377 421 1542 476 μᾶλλον
1566 418 1715 464 ἰσοῦσι
1742 419 1854 465 νόον.

266 501 331 541 ot:

794 562 884 622 Λὴν
916 561 967 621 ἢν
997 565 1068 607 καὶ
1098 564 1220 621 φίλοι
1254 556 1381 620 ὦμεν,
1410 558 1528 621 ὄῖφαρ
1558 565 1594 607 δ’
1627 558 1818 607 ἶὶλλοισιν
1849 562 2002 618 ὁμίλει,

849 628 963 692 ἦθος
989 634 1100 690 ἔχων
1128 633 1290 689 δόλιον,
1319 636 1502 687 πίστεος
1528 630 1773 678 ἀντίτυπον.

266 713 317 755 In
344 724 382 754 v.
394 753 402 758 ,,
415 712 518 756 1007
541 721 675 762 seqq.:
724 732 726 734 -

796 778 934 826 Ξυνὸν
967 781 1003 823 δ’
1035 775 1295 836 ἅνθρώποις
1323 777 1632 836 ὑποθήσομαι·
1665 775 1782 838 ὄφρα
1810 798 1874 832 τις
1904 778 2010 837 ἥβης

850 848 1007 907 α’γλαὸν
1035 846 1175 904 ἄνθος
1206 851 1316 906 ἔχων
1344 853 1415 895 καὶ
1444 853 1598 909 φρεσὶν
1629 851 1768 896 ἐσθλοὶ
1798 855 1886 912 νοῇ,

796 928 883 967 τῶν
913 923 1046 967 αὑτοῦ
1075 916 1264 968 κτεάνων
1294 917 1343 968 εὖ
1372 925 1607 978 πασχέμεν·
1644 921 1695 968 οὗ
1724 923 1801 982 γὰρ
1827 921 1986 983 ἀνηβᾶν

850 998 916 1048 δὶς
947 997 1121 1040 πέλεται
1150 994 1264 1051 πρὸς
1292 999 1414 1039 θεῶν
1443 992 1543 1039 οὐδὲ
1573 995 1692 1048 λύσις
1720 996 1914 1041 θανάτου

795 1073 976 1126 θνητοῖς
1005 1066 1299 1124 ἀνθρώποισι.
1344 1068 1474 1110 κακόν
1505 1069 1540 1111 δ’
1576 1069 1648 1111 ἐπὶ
1679 1073 1811 1125 γῆρας
1841 1070 1998 1127 ἐλέγχει

851 1137 1101 1195 οιῖλόμενον,
1137 1141 1326 1198 κεφαλῆς
1356 1141 1391 1183 δ’
1425 1137 1608 1183 ἅπτεται
1639 1136 1887 1199 (ῗκροτάτης.

269 1233 345 1274 pro
377 1219 534 1273 ἐλέγχει
565 1218 830 1260 coniecerunt
859 1213 1033 1268 ἐπείγει,
1066 1209 1244 1266 ἐλαύνει,
1275 1211 1442 1266 ε’ρείδει,
1474 1210 1604 1255 κακὸν
1633 1213 1670 1254 δ’
1701 1211 1775 1255 ἔπι
1807 1218 1936 1270 γῆρας
1967 1216 2148 1274 ἔλεγχος,
2181 1221 2231 1263 al.
2262 1221 2309 1263 In
2331 1234 2455 1265 versu
2475 1224 2659 1266 Secundo

267 1293 307 1335 K
329 1295 443 1335 recte
465 1288 540 1347 ἔχῃ
560 1290 700 1332 habet.
727 1288 836 1331 idem
856 1288 897 1328 in
918 1286 1065 1328 ultimo
1089 1286 1280 1341 κεφαλῆς
1300 1286 1389 1328 sine
1410 1284 1460 1327 δ’.
1494 1286 1604 1328 unde
1624 1286 1773 1340 colligo
1805 1286 1959 1342 ἐλέγχει
1992 1303 2043 1333 ex
2071 1293 2287 1346 participio
2316 1291 2486 1348 ἑνεγκδν
2516 1299 2671 1338 ortum·

268 1378 372 1409 esse.
410 1365 457 1407 In
490 1363 678 1406 versibus
711 1362 788 1402 529
810 1371 912 1411 seq„
944 1359 1023 1401 etsi
1056 1359 1234 1411 speciem
1266 1358 1522 1411 integritatis
1549 1358 1719 1411 habent,
1750 1364 1845 1411 post
1875 1363 2002 1405 verba
2033 1358 2184 1406 οὐδένα
2213 1381 2285 1406 πω
2316 1359 2554 1418 προῦδωκα
2583 1368 2654 1424 φί-

267 1437 344 1480 λον
374 1435 446 1478 καὶ
475 1432 633 1478 πιστὸν
662 1431 833 1486 ἑταῖρον
862 1443 967 1484 nego
997 1434 1165 1484 poetam
1201 1431 1431 1484 scripsisse:
1476 1424 1564 1471 οὐδ’
1597 1429 1641 1471 ἐν
1671 1429 1751 1489 ἐμῇ
1782 1434 1901 1490 ψυχῇ
1931 1430 2148 1477 δούλιον
2179 1432 2302 1480 οὐδὲν
2331 1435 2405 1490 ἔνι,
2438 1440 2511 1482 sed
2542 1442 2653 1492 quod

267 1510 433 1564 planius
463 1507 734 1557 exactiusque
761 1505 822 1559 τῷ
851 1502 1092 1556 προδοῦναι
1121 1500 1223 1553 τοὺς
1252 1501 1407 1559 φίλους
1436 1503 1718 1556 responderet.
1761 1506 1894 1547 multo
1919 1508 2026 1549 enim
2058 1510 2224 1553 maioris
2253 1514 2441 1553 aestumo
2462 1515 2653 1555 veterum

268 1585 404 1624 artem
434 1578 596 1624 dicendi
626 1589 752 1630 quam
783 1574 886 1619 artis
918 1575 1088 1618 criticae
1119 1579 1289 1618 nostrae
1319 1574 1493 1617 eandem
1515 1575 1707 1618 omnibus
1736 1576 1872 1619 adhuc
1901 1579 2150 1622 medicinam
2180 1582 2415 1625 adhibentis
2442 1584 2653 1628 imbecilli·

267 1657 411 1697 tatem.
450 1653 593 1704 itaque
621 1646 796 1691 δούλιον
835 1660 887 1690 ex
922 1643 1069 1714 δόλιον
1094 1647 1162 1701 (cf.
1193 1647 1305 1690 verb.
1337 1660 1389 1690 m.
1420 1648 1447 1689 l.
1478 1638 1591 1703 ἦθος
1621 1646 1731 1701 ἔχων
1761 1647 1918 1702 δόλιον,
1952 1651 2132 1704 πίστεος
2161 1649 2414 1710 οἷντίτυπον)
2445 1656 2571 1710 idque
2601 1670 2654 1701 ex

267 1722 468 1768 ποικίλον
498 1726 638 1766 ortum
670 1734 762 1765 esse
792 1721 957 1763 conieci.
1015 1720 1150 1763 Simili
1181 1720 1234 1763 de
1263 1733 1392 1763 causa
1422 1721 1464 1762 in
1493 1733 1528 1763 v.
1559 1723 1641 1762 800
1662 1734 1766 1774 seq.:

794 1787 1049 1846 ἀνθρώπων
1078 1785 1272 1845 ἄψεκτος
1301 1790 1376 1834 ἐπὶ
1403 1791 1533 1844 χθονὶ
1562 1791 1720 1846 γίνεται
1751 1788 1910 1844 οὐδείς·

855 1864 945 1908 ἀλλ’
980 1859 1029 1916 ὃς
1058 1862 1202 1915 λώϊος,
1233 1857 1283 1914 ὃς
1306 1863 1365 1919 μὴ
1393 1859 1624 1906 πλεόνεσσι
1653 1862 1789 1917 μέλοι.

265 1944 511 1996 postquam*
530 1940 624 1982 alii:
669 1932 810 1989 ἄλλως
847 1935 993 1993 λώϊον,
1030 1937 1068 1981 εἰ
1099 1935 1157 1994 μὴ
1189 1935 1422 1982 πλεόνεσσι
1455 1938 1590 1993 μέλοι,
1632 1931 1724 1980 ἄλλ’
1755 1933 1852 1994 οἷ’σῃ
1883 1938 1996 1993 λῷον
2025 1936 2083 1994 μὴ
2115 1938 2344 1982 πλεόνεσσι
2374 1939 2528 1996 μέλων,
2558 1936 2648 1983 ἄλλ’

268 2003 320 2057 οὗ
349 2010 537 2056 δειλαίοῡ
567 2008 626 2066 μή
660 2007 890 2054 πλεόνεσσι
919 2010 1056 2067 μέλοι,
1086 2013 1139 2055 al.
1174 2013 1450 2064 coniecerunt,
1478 2012 1657 2055 correxi:

850 2077 939 2125 ἄλλ’
972 2077 1021 2135 ὃς
1047 2080 1190 2136 λώϊος,
1222 2079 1271 2134 ὃς
1300 2082 1351 2140 δὴ
1382 2081 1638 2127 πλεόνεσσιν
1668 2080 1781 2126 ἅδοι.

266 2157 316 2201 cf.
335 2157 517 2201 Sosiadis
547 2157 795 2199 sententiam
817 2169 883 2210 ap.
907 2155 1020 2200 stob.
1048 2157 1134 2199 flor.
1153 2157 1282 2200 Brux.
1304 2160 1341 2210 3,
1365 2160 1438 2199 80:
1468 2153 1634 2213 πλήθει
1662 2149 1816 2210 ἕέρεσκε
1846 2160 1888 2199 et
1918 2167 2026 2208 quae
2055 2156 2239 2199 eiusdem
2270 2158 2428 2211 elegiae
2445 2158 2650 2213 Theogni—

267 2230 371 2274 deae
391 2229 519 2272 fuisse
541 2229 736 2272 videntur
756 2228 810 2284 (v.
831 2232 908 2289 801
927 2230 1079 2284 seqq.):
1103 2224 1244 2280 οὐδεὶς
1263 2223 1516 2283 ἀνθρώπων
1536 2223 1624 2271 οὔτ’
1658 2227 1830 2271 ἔσσεται
1862 2220 1958 2269 οὔτε
1990 2227 2194 2284 πέφυκεν,
2222 2225 2341 2280 ὅστις
2370 2231 2501 2272 πᾶσιν
2529 2226 2649 2272 ἆδιὸν

267 2297 440 2345 δύσεται
471 2298 532 2351 εἰς
560 2294 737 2343 Ἀΐδεω·
769 2295 868 2343 οὖδὲ
897 2299 974 2356 γὰρ
1006 2295 1053 2352 ὃς
1081 2305 1282 2357 θνητοῖσι
1315 2301 1385 2343 καὶ
1415 2296 1702 2344 α’θανάτοισιν
1732 2295 1919 2355 α’νάσσει,
1951 2297 2060 2351 Ζεὺς
2093 2301 2320 2357 Κρονίδης,
2350 2305 2529 2357 θνητοῖς
2566 2304 2648 2344 πᾶ-

268 2388 336 2416 σιν
365 2373 484 2416 ἆδεῖν
516 2369 701 2424 δύναται,
733 2374 862 2424 eiusd.
895 2387 932 2415 v.
968 2377 1020 2415 24
1036 2386 1149 2426 seqq.
1187 2370 1350 2424 πάντας
1388 2373 1435 2416 δὲ
1463 2373 1551 2415 κατ’
1584 2368 1852 2428 ἀνθρώπους
1879 2367 2118 2426 ὀνομαστὸς
2147 2367 2296 2423 α’στοῖς
2324 2374 2460 2416 τοῖσδ’
2493 2367 2544 2415 οὗ
2573 2390 2647 2416 πω

268 2447 402 2489 πᾶσιν
430 2442 550 2487 ἁδεῖν
573 2441 753 2498 δύναμαι
784 2461 820 2487 κ.
850 2461 885 2489 τ.
916 2446 951 2488 λ.
983 2450 1025 2488 et
1053 2446 1189 2489 Solon.
1218 2447 1268 2489 fr.
1299 2449 1322 2486 7
1356 2443 1558 2500 ἔργμασιν
1586 2445 1629 2488 ἑν
1656 2442 1861 2501 μεγάλοις
1890 2446 2023 2487 πᾶσιν
2052 2442 2172 2487 ἁδεῖν
2203 2442 2404 2498 χαλεπόν.
2459 2446 2647 2489 Herwer-

267 2519 400 2561 denus
422 2518 603 2570 quidem,
633 2518 703 2560 ubi
729 2519 780 2561 de
810 2520 1048 2562 coniectura
1078 2532 1171 2562 mea
1202 2520 1366 2562 locutus
1393 2523 1457 2561 est
1477 2519 1701 2571 (animadv.
1723 2518 1867 2571 philol.
1891 2517 1944 2560 ad
1961 2516 2174 2570 Theogn.),
2206 2518 2471 2569 paucioribus
2500 2521 2649 2572 poetae

266 2589 461 2642 satisfieri
499 2601 618 2642 posse
648 2590 888 2643 arbitratus,
929 2592 1093 2634 conlato
1124 2605 1158 2634 v.
1193 2595 1297 2633 1320
1336 2582 1371 2631 εὖ
1405 2593 1499 2643 παῖ,
1537 2590 1636 2633 ἐπεί
1668 2607 1735 2633 τοι
1765 2592 1875 2633 δῶκε
1907 2587 1995 2632 θεὰ
2025 2586 2146 2643 χάριν
2176 2587 2432 2645 ἱμερόεσσαν
2462 2588 2647 2646 Κύπρις,

266 2658 345 2705 σὸν
375 2661 412 2703 δ’
443 2656 558 2711 εἶδος
586 2663 694 2703 πᾶσι
733 2661 865 2704 νέοισι
894 2662 1025 2715 μέλει,
1057 2665 1294 2717 proposuit:
1329 2657 1377 2713 ὃς
1413 2660 1463 2718 δὴ
1500 2659 1732 2706 πλεόνεσσι
1764 2662 1894 2716 μέλει.
1940 2663 2014 2705 sed
2043 2662 2121 2705 hoc
2151 2664 2331 2706 declinat
2359 2664 2410 2705 de
2438 2665 2647 2706 sententia

267 2734 527 2778 necessaria:
568 2745 673 2787 puer
700 2734 872 2786 pulcher
898 2740 1012 2778 recte
1039 2736 1230 2779 omnibus
1261 2737 1374 2778 cordi
1405 2748 1496 2779 esse
1529 2736 1692 2788 dicitur,
1723 2740 1817 2789 post.
1844 2729 2086 2785 ἔφεκτος
2113 2747 2191 2776 non
2228 2736 2482 2788 sequebatur
2513 2733 2649 2778 πλεό-

268 2821 389 2849 νεσσι
418 2805 552 2859 μέλοι,
583 2805 656 2848 sed
686 2802 943 2850 πλεόνεσσιν
971 2803 1080 2849 α’δοι.
1113 2806 1176 2864 Δή
1205 2813 1248 2851 et
1275 2804 1334 2862 μή
1370 2808 1495 2850 etiam
1525 2821 1560 2848 v.
1579 2811 1659 2850 999
1690 2812 1932 2862 permutata
1963 2819 2053 2850 esse
2083 2807 2288 2859 videntur,
2320 2808 2390 2850 ubi
2418 2808 2533 2850 codd.
2563 2807 2649 2849 dsi—

267 2891 378 2918 πνου
420 2874 472 2932 δὴ
510 2873 727 2933 λήγοιμεν,
770 2881 979 2923 sententia
1014 2882 1269 2924 contrarium
1307 2881 1569 2934 postulante3
1609 2881 1691 2923 fuit
1723 2881 1762 2922 ni
1793 2879 1916 2922 fallor
1944 2878 2122 2921 δείπνου
2151 2875 2209 2933 μὴ
2239 2879 2476 2934 ληθοίμεθ’
2505 2880 2647 2932 (Hom.

268 2946 447 2991 δείπνου
465 2982 473 2990 .
494 2982 502 2990 .
519 2945 820 3004 μνησώμεθα).
878 2952 1228 3006 Interpretatione
1258 2953 1523 2995 vulneratum
1554 2957 1620 2995 est
1653 2953 1779 2995 etiam
1810 2951 1959 3005 fragm.
1987 2964 2024 2993 v.
2058 2954 2136 2993 599
2158 2962 2291 3003 seqq.:

797 3017 859 3066 025
885 3026 929 3077 μ’
965 3022 1124 3076 ἔλαθες
1151 3026 1318 3082 φοιτῶν
1347 3024 1436 3066 κατ’
1469 3020 1690 3079 α’μαξιτὸν,
1723 3018 1772 3081 ἢν
1798 3018 1880 3077 ἄρα
1908 3022 1978 3065 καὶ
2011 3023 2116 3077 πρὶν

849 3091 1088 3153 ἠλάστρεις,
1121 3097 1318 3140 κλέπτων
1347 3094 1558 3152 ἡμετέρην
1586 3097 1744 3154 φιλίην.

795 3166 906 3224 ἔρρε,
938 3169 1113 3212 θεοῖσίν
1142 3170 1177 3210 τ’
1211 3168 1340 3222 ἐχθρὲ
1369 3169 1440 3210 καὶ
1462 3163 1766 3222 ἀνθρώποισιν
1795 3162 1966 3219 ἄπιστε,

849 3240 1016 3296 ψυχρόν
1045 3235 1093 3292 ὃς
1122 3241 1166 3284 ἐν
1191 3242 1342 3297 κόλπῳ
1373 3241 1572 3283 ποικίλον
1601 3236 1713 3294 εἶχες
1744 3235 1860 3296 ὅφιν.
