2930 3880
1399 359 1448 398 19

222 482 529 536 superscriptas
560 492 662 524 esse.
708 478 836 522 Nulla
860 479 903 522 in
932 479 1010 522 hae
1041 492 1086 523 re
1116 478 1364 529 differentia,
1395 481 1439 522 et
1456 477 1667 521 Medieeus
1695 475 1878 520 refertus
1908 476 2150 520 huiusmodi
2180 478 2301 530 vitiis,
2323 490 2430 531 quae
2450 481 2616 521 mature

221 559 444 609 poetarum
480 553 658 610 maxime
686 551 811 594 verba
842 554 1166 594 commutarunt.
1223 537 1464 595 memineris
1497 553 1661 594 tantum
1691 550 1799 592 initii
1827 549 2084 591 Persarum:
2115 546 2399 605 Δαρειογενὴς
2429 549 2615 605 Δαρείου

227 623 334 678 υἱός.
370 653 415 659 -
444 627 584 669 Etiam
615 624 658 666 in
685 621 835 677 fragm.
866 637 902 666 v.
936 627 1017 666 499
1045 637 1158 678 seqq.
1190 625 1301 678 quod
1335 625 1452 668 codd.
1484 625 1669 678 Theogn.
1696 622 1875 667 halfent:

215 714 218 716 ’
751 691 818 739 Ἐν
850 698 956 752 πυρὶ
985 697 1063 752 μὲν
1093 694 1250 752 χρυσόν
1281 713 1327 739 τε
1357 697 1427 738 καὶ
1460 695 1644 751 ἄργυρον
1673 689 1809 749 ἴδριες
1837 694 1989 748 ἄνδρες

808 767 1072 826 γινα’σκουσ’,
1103 765 1259 825 ἀνδρὸς
1285 770 1321 812 δ’
1353 763 1470 818 οἶνος
1501 765 1638 821 ἔδειξε
1668 763 1782 814 νόον,

752 843 822 885 καὶ
848 839 962 898 μάλα
989 859 1073 897 περ
1104 845 1300 896 φιινυτοῦ,
1329 838 1406 884 τὸν
1433 837 1541 893 ὑπὲρ
1570 839 1729 894 μέτρον
1755 840 1890 894 ἤρατο
1931 837 2084 892 πίνων,

810 912 922 958 ὥστε
952 916 1226 968 καταισχῦναι
1254 913 1324 964 καὶ
1360 912 1456 967 πρὶν
1486 909 1611 954 ἐόντα
1639 908 1800 967 σοφόνρ

187 988 189 990 ’
223 994 269 1033 et,
295 989 407 1043 quod
438 988 667 1032 Stobaeus:

753 1057 866 1104 ὥστε
896 1062 1173 1113 καταισχῦναι
1203 1057 1279 1102 τὸν
1308 1059 1412 1112 πρὶν
1442 1055 1567 1101 ἐόντα
1593 1056 1747 1115 σοφόν.

224 1136 283 1177 sic
312 1135 604 1189 coniungenda
632 1147 723 1177 esse
754 1134 968 1177 videntur:

759 1203 870 1250 ὥστε
897 1206 968 1248 καὶ
995 1204 1189 1258 αἰσχῦναι
1217 1202 1294 1247 τὸν
1322 1204 1427 1259 πρὶν
1456 1200 1580 1245 ἐόντα
1608 1203 1760 1261 σοφόν.

225 1280 268 1334 (i.
295 1294 330 1323 e.
363 1277 476 1322 ὥστε
505 1277 696 1332 αἰσχῦναι
730 1279 799 1321 καὶ
826 1275 902 1321 τὸν
929 1278 1033 1337 πρὶν
1064 1273 1188 1320 ἐόντα
1218 1274 1370 1333 σοφόν.
1418 1280 1656 1329 utrumque,
1688 1279 1731 1319 et
1760 1276 1830 1318 καί
1859 1281 1901 1319 et
1929 1274 2016 1330 τόν,
2049 1280 2340 1322 necessarium.
2392 1284 2614 1333 postquam

224 1364 366 1396 errore
396 1352 567 1406 procl'1vi
596 1353 869 1403 καταισχῦναι
898 1351 1209 1411 scriptumest,
1238 1349 1310 1392 alii
1342 1349 1411 1390 καὶ
1440 1348 1549 1401 quod
1578 1349 1857 1391 necessarium
1888 1362 1979 1393 esse
2004 1351 2241 1394 sentiebant
2267 1352 2526 1406 scripserunt
2539 1364 2615 1407 pro

225 1425 414 1476 arficulo,
445 1436 569 1476 quem
604 1424 676 1465 alii
702 1423 954 1475 servarunt).

356 1655 438 1698 Sed
464 1655 507 1697 in
534 1656 611 1698 hoc
638 1655 836 1698 vitiorum
868 1655 1104 1710 labyrintho
1133 1655 1290 1698 diutius
1325 1653 1575 1697 commorari
1607 1653 1730 1696 hodie
1759 1664 1841 1695 non
1873 1653 1991 1696 lieet:
2019 1655 2329 1708 properandum
2358 1659 2422 1698 est
2442 1656 2495 1698 ad
2524 1668 2613 1700 rem

224 1729 347 1782 longe
376 1729 623 1781 graviorem.
1106 1739 1108 1742 ’

212 1926 216 1930 .
356 1862 642 1912 Indioenda
691 1864 826 1912 enim
879 1873 994 1913 sunt
1026 1865 1305 1926 sollemnia,
1358 1864 1539 1929 quibus
1590 1866 1679 1929 qui
1714 1865 1865 1913 instat
1917 1865 2023 1914 dies
2066 1882 2179 1913 oum
2217 1869 2482 1918 universae
2524 1887 2612 1933 pa—

225 1947 352 1996 triae
389 1955 498 1995 tum
534 1946 654 1995 huie
682 1947 966 1996 litterarum
1002 1948 1319 1997 universitati
1366 1948 1522 1996 festus
1574 1964 1832 2011 sacerque⁷
1883 1947 2083 1998 REGIS
2121 1947 2614 2002 AVGVSTISSIMI

227 2029 566 2081 GVILELMI
602 2029 629 2078 I
662 2030 857 2093 natalis,
890 2031 1097 2094 publice
1132 2030 1580 2081 concelebrabitur,
1626 2031 1687 2078 Et
1722 2031 2003 2078 eommunis
2037 2039 2239 2080 nostrae
2276 2036 2612 2086 venerationis

225 2112 475 2174 interpres
512 2112 607 2160 erit
641 2113 721 2161 vir
754 2112 1119 2163 illustrissimus
1145 2121 1484 2166 FRANCISCVS
1517 2120 1796 2164 HENRICVS
1825 2120 2047 2164 REVSCH
2068 2114 2251 2162 Rector
2274 2116 2610 2168 universitatis

226 2193 544 2258 magnificus.
582 2194 648 2242 ad
669 2195 811 2244 ouius
848 2197 1128 2246 orationem
1164 2196 1473 2246 audiendam
1509 2196 1665 2261 ipsius
1691 2196 2004 2260 illustrisque
2023 2196 2235 2246 Senatus
2265 2201 2469 2250 nomine
2494 2220 2608 2266 per-

226 2276 476 2326 illustrem
514 2278 851 2327 universitatis
891 2280 1205 2343 (juratorem,
1260 2279 1573 2344 professores
1623 2288 1672 2328 et
1719 2279 1950 2328 doctores
1987 2278 2339 2345 amplissimos,
2390 2273 2604 2335 clarissi-

227 2376 351 2420 mOS,
391 2359 760 2409 commilitones
798 2363 1156 2425 ornatissimos,
1210 2365 1529 2428 magistratus
1579 2380 1689 2411 oum
1729 2362 1894 2426 regios
1930 2369 2038 2410 tum
2073 2362 2277 2412 urbicos
2309 2369 2606 2430 spectatissi-

229 2457 340 2488 mos
373 2449 423 2490 et
461 2442 769 2508 quicumque
805 2447 954 2495 rebus
989 2448 1171 2495 nostris
1214 2448 1342 2495 bene
1378 2447 1569 2508 volunt,
1619 2463 1678 2494 ea
1716 2462 1815 2511 qua
1848 2462 1941 2508 par
1977 2452 2064 2493 est·
2085 2446 2402 2498 observantia
2438 2451 2608 2501 invito.
