2930 3880
1462 375 1512 414 14

292 497 476 552 primum
508 507 576 547 ap.
604 492 883 537 Plutarchum
911 491 1072 535 πολλοὶ
1101 490 1178 549 γὰρ
1207 487 1410 548 scriptum
1439 496 1516 545 est,
1559 505 1642 535 non
1671 494 1860 547 fortuito,
1908 494 1982 538 sed
2017 494 2125 537 solet
2155 493 2246 538 voci
2276 508 2346 535 τοι
2374 493 2684 546 interpretandi

295 580 423 612 causa
453 566 709 621 superscribi
739 561 818 621 γάρ
858 566 968 616 (hinc
1001 566 1150 608 Aesch.
1176 565 1269 615 VII,
1299 579 1336 608 v.
1369 567 1448 607 336
1478 565 1521 606 in
1553 564 1601 608 G.
1642 564 1864 622 φθίμενον
1906 563 1985 622 γάρ
2024 582 2095 609 τοι
2123 565 2322 621 προλέγω
2354 577 2430 619 pro
2459 561 2683 621 φθίμενόν

294 655 366 684 τοι
397 637 633 694 προλέγω).
689 638 799 682 Dein
829 637 1024 681 Solonem
1062 650 1145 680 non
1171 635 1309 687 κακοί,
1354 632 1517 691 ἀγαθοί
1543 637 1759 691 scripsisse
1784 632 2037 692 putaverim,
2077 638 2163 692 sed,
2203 650 2298 682 cum
2340 641 2497 692 posset,
2546 635 2684 688 κακοί,

294 711 439 755 κεδνοί
467 712 560 767 (pro
591 722 673 764 quo
701 721 826 762 saepe
858 702 1019 762 ἀγαθοί
1048 707 1088 749 in
1117 708 1245 749 verba
1273 709 1495 759 poetarum
1525 707 1712 763 inrepsit,
1737 709 1905 752 Hesiod.
1935 709 2007 752 ἵνα
2035 709 2149 766 ἤθεα
2168 707 2298 753 κεδνοὶ
2329 705 2537 767 διδάξῃς).
2569 708 2684 752 deni-

289 785 437 839 quein
466 785 603 828 altero
619 794 745 825 versu
773 782 815 823 in
846 780 962 824 codd.
979 780 1166 832 Theogn.
1196 778 1370 828 τούτοις
1397 778 1566 833 legitur,
1607 793 1673 834 ap.
1705 781 1982 825 Plutarchum
2011 777 2170 834 αὐτοῖς,
2216 796 2283 837 ap.
2313 776 2541 826 Stobaeum
2570 780 2684 833 vulg.

288 853 468 908 τούτων,
508 867 688 909 quorum
731 853 892 896 nullum
939 851 1166 905 genuinum
1195 850 1343 894 habeo.
1402 854 1446 894 et
1473 847 1641 894 τούτων
1676 865 1728 896 ex
1770 849 1943 896 τούτων
1978 852 2112 907 ἕνεκα,
2146 851 2328 906 ’τούτοις
2362 859 2406 898 et
2441 848 2592 904 αὐτοῖς
2633 864 2686 896 ex

293 930 368 975 ἐπὶ
396 929 533 974 τοῖσδ’
566 931 706 971 ortum
737 925 839 969 mihi
869 925 1057 968 videtur:

829 1017 990 1060 πολλοί
1018 1012 1359 1061 τοιπλουτοῦσι
1385 1020 1522 1075 κακοὶ,
1553 1020 1697 1064 κεδνοὶ
1723 1022 1771 1065 δὲ
1800 1022 2029 1066 πένονται·

883 1085 974 1150 ἀλλ’
1007 1087 1132 1146 ἡμεῖς
1157 1089 1232 1132 ἐπὶ
1257 1086 1398 1134 τοῖσδ’
1428 1086 1479 1134 οὗ
1513 1090 1850 1149 διαμειψόμεθα

821 1165 902 1220 τῆς
931 1157 1086 1220 ἀρετῆς
1114 1159 1191 1206 τὸν
1219 1162 1424 1206 πλοῦτον.

429 1309 478 1353 V.
516 1311 593 1350 235
625 1319 731 1360 seq.:

828 1396 962 1444 Οὐδὲν
993 1398 1058 1443 ἔτι
1089 1399 1253 1455 πρέπει
1281 1389 1397 1455 ἧμιν,
1428 1395 1492 1441 ἅτ’
1523 1397 1699 1454 ἀνδράσι
1728 1400 2049 1456 σωζομένοισιν,

880 1467 971 1515 ἀλλ’
1002 1468 1062 1523 ὥς
1090 1468 1231 1527 πάγχυ
1261 1468 1406 1525 πόλει,
1435 1466 1598 1525 Κύρνε,
1633 1469 1905 1528 ἀλωσομένῃ.

296 1574 354 1617 sic
383 1573 491 1616 alter
519 1583 666 1614 versus
695 1570 738 1611 in
765 1571 817 1610 A
841 1568 1010 1623 legitur,
1038 1569 1188 1622 reliqui
1218 1569 1342 1622 longe
1369 1567 1452 1610 alia
1482 1567 1659 1609 habent:
1691 1559 1836 1608 ἀλύειν
1864 1562 1978 1621 κὺρν’
2012 1563 2071 1617 (ὃς
2098 1561 2223 1610 πόλέ
2243 1565 2498 1627 ἁλωσομένῃ
2518 1571 2562 1613 et
2580 1565 2696 1613 λύειν

298 1642 357 1697 ὥς
385 1640 559 1695 πόλεως
588 1641 727 1696 τοίχοι
756 1639 912 1697 (τείχη)
942 1637 1232 1695 ἁλωσομένης,
1264 1641 1316 1682 al.
1346 1640 1413 1682 Ex
1443 1639 1506 1683 his
1536 1639 1741 1693 Bergkius
1772 1639 2055 1683 coniecturam
2085 1652 2205 1684 suam
2234 1642 2439 1695 sumpsit:

833 1730 958 1779 οὐδὲν
990 1732 1056 1778 ἔτι
1084 1735 1246 1790 πρέπει
1278 1751 1389 1791 ημιν,
1421 1730 1486 1777 ἅτ’
1517 1730 1696 1790 ἀνδράσι
1725 1734 2048 1789 σωζομένοισιν,

885 1803 1014 1860 αὐλὸς
1043 1809 1148 1863 (sive
1175 1802 1343 1863 αὐλεῖν)
1372 1804 1512 1864 πάγχυ
1543 1803 1687 1860 πόλει,
1717 1803 1863 1863 Κύρν’,
1892 1806 1937 1851 ἐν
1966 1803 2231 1866 ἆλωσομένῃ.

297 1896 341 1938 in
370 1894 436 1938 his
466 1890 542 1937 ἅτε
577 1906 658 1937 non
687 1896 800 1937 recte
829 1892 999 1945 dictum,
1031 1893 1144 1945 quod
1172 1892 1281 1936 inter
1320 1881 1420 1948 ἧμιν
1448 1896 1490 1935 et
1517 1886 1647 1942 αὐλὸς
1674 1892 1760 1935 sive
1791 1886 1937 1934 αὐλεῖν
1957 1886 2140 1946 ‘quippe'
2169 1892 2437 1948 significaret,
2480 1896 2529 1937 ut
2550 1894 2690 1938 dicen-

296 1968 396 2011 dum
422 1967 562 2021 potius
590 1965 740 2010 fuisset
770 1961 836 2007 ἅτ’
866 1959 1070 2021 ἀνδράσιν
1112 1961 1420 2019 ἁλωσομένοις.
1476 1965 1625 2008 melius
1653 1965 1979 2009 Herwerdenus:
2013 1958 2136 2007 οὐδὲν
2163 1966 2464 2021 (nequaquam)
2496 1963 2563 2009 ἔτι
2589 1965 2693 2022 πρέ-

296 2054 374 2083 πει
401 2030 518 2095 ἧμιν,
548 2035 613 2081 ἅτ’
643 2032 823 2094 άνδράσι
865 2037 1165 2092 σωζομένοισι,
1194 2032 1284 2079 ἀλλ’
1318 2034 1400 2081 ὅσα
1428 2034 1566 2093 πάγχυ
1597 2032 1741 2093 πόλει,
1773 2032 1929 2091 Κύρνε,
1961 2032 2227 2094 ἁλωσομένῃ.
2285 2038 2359 2082 sed
2390 2041 2517 2093 poeta
2543 2036 2695 2082 fortius

298 2114 451 2158 dixisse
487 2113 671 2156 videtur:
725 2112 827 2154 nihil
869 2112 954 2154 iam
983 2123 1059 2154 nos
1099 2111 1219 2155 decet
1263 2112 1375 2165 quod
1422 2110 1611 2154 homines
1658 2110 1817 2154 salvos:
1864 2102 1989 2152 οὐδὲν
2019 2142 2028 2151 .
2059 2143 2068 2152 .
2098 2105 2134 2161 ὃ,
2167 2124 2225 2152 τε.
2284 2110 2379 2153 dein
2422 2105 2562 2166 πάγχυ
2607 2122 2690 2154 non

299 2190 446 2242 aptum
486 2186 578 2230 voci
614 2181 881 2242 ἁλωσομένῃ.
924 2196 1055 2238 quare
1083 2185 1264 2228 conicio:

834 2275 958 2324 οὐδὲν
993 2278 1058 2323 ἔτι
1084 2279 1247 2335 πρέπει
1276 2269 1389 2337 ἧμιν,
1422 2275 1483 2322 ὅτ’
1516 2273 1697 2334 ἀνδράσι
1729 2278 2053 2334 σωζομένοισιν,

887 2347 977 2395 ἄλλ’
1009 2350 1090 2397 ὅσα
1118 2352 1158 2394 τ’
1187 2348 1282 2408 ὅγχι
1311 2348 1451 2405 πόλει,
1483 2348 1638 2406 Κύρνε,
1669 2349 1942 2408 άλωσομένῃ.

299 2456 341 2498 in
366 2454 519 2509 quibus
548 2445 643 2507 ὄέγχι
672 2452 726 2494 ad
757 2447 1010 2507 ἁλωσομένῃ
1037 2449 1250 2503 pertinens
1279 2448 1437 2491 dictum
1467 2454 1542 2501 est,
1582 2453 1631 2491 ut
1659 2447 1736 2491 Od.
1769 2450 1832 2499 19,
1867 2450 1947 2489 300
1992 2439 2051 2498 ὣς
2090 2442 2113 2489 ὁ
2151 2444 2230 2501 μὲν
2272 2441 2416 2496 οὕτως
2455 2442 2548 2487 ἐστὶ
2588 2438 2695 2494 σόος

302 2526 373 2569 καὶ
403 2521 622 2569 ἐλεύσεται
664 2517 744 2581 ἤδη
772 2516 867 2579 ἄγχι
895 2518 1020 2577 μάλα.
1078 2522 1336 2576 reliquorum
1380 2522 1571 2565 codicum
1607 2521 1787 2574 ineptias
1832 2532 1882 2563 ex
1927 2520 2275 2574 interpretatione
2309 2516 2499 2572 parvulis
2538 2503 2694 2560 litteris

302 2601 414 2643 inter
443 2599 578 2642 lineas
618 2597 776 2651 scripta
814 2598 874 2650 (in
903 2595 1015 2638 hunc
1044 2594 1133 2638 fere
1162 2595 1352 2637 modum:
1399 2588 1505 2634 ἀλλὰ
1533 2587 1682 2646 μόνον,
1721 2587 1878 2646 Κύρνε,
1915 2586 1997 2633 ὅσα
2036 2586 2165 2633 πόλει
2207 2586 2461 2647 ἆλωσομένῃ
2505 2591 2549 2631 et
2584 2579 2695 2629 ἀλλὰ

301 2669 437 2728 μόνον
467 2667 548 2714 ὅσα
577 2670 707 2714 πόλει
735 2663 830 2725 ὂέγχι
859 2665 1131 2725 ἁλωσομένῃ)
1161 2667 1407 2711 hariolando
1433 2668 1624 2719 sumptas
1660 2676 1752 2708 esse
1782 2676 1834 2707 ex
1867 2662 2149 2707 conlocatione
2178 2662 2360 2705 maxime
2390 2659 2614 2705 verborum
2643 2658 2698 2702 ad

303 2746 510 2790 rationem
537 2743 757 2797 vulgarem
783 2745 948 2785 mutata
979 2744 1171 2796 apparet.

437 2891 485 2933 In
517 2903 554 2932 v.
584 2891 662 2931 461
697 2900 808 2941 seq.:

836 2989 914 3050 Μή
947 2992 1048 3036 ποτ’
1078 2992 1147 3035 ἐπ’
1177 2985 1439 3049 ἆπρήκτοισι
1471 2987 1572 3034 νόον
1601 2988 1671 3044 ἔχε
1700 2989 1808 3046 μηδὲ
1836 2988 2018 3044 μενοίνα

890 3061 1090 3120 χρήμασι,
1122 3066 1212 3107 τῶν
1237 3057 1384 3114 ἷίνυσις
1409 3062 1570 3118 γίνεται
1600 3058 1793 3118 οὖδεμία.

308 3155 424 3199 nulla
453 3164 589 3207 neque
618 3152 660 3194 in
688 3153 824 3194 metro
849 3162 984 3205 neque
1012 3150 1054 3192 in
1083 3149 1306 3193 verborum
1337 3148 1618 3193 conlocatione
1647 3147 1881 3192 remanebit
1911 3145 2094 3198 offensio,
2126 3145 2197 3188 ubi
2227 3143 2539 3198 scripserimus:

838 3241 897 3301 μή
925 3246 1026 3287 ποτ’
1056 3243 1126 3287 ἐπ’
1156 3238 1419 3300 ἆπρὴκτοισι
1443 3238 1546 3287 νόον
1575 3242 1708 3297 σχέθε
1737 3237 1845 3300 μήτε
1875 3237 2075 3298 μενοινὴν

895 3313 1085 3372 χρήμασι
1112 3332 1149 3359 κ.
1179 3331 1216 3360 τ.
1246 3315 1282 3359 λ.
2201 3351 2204 3354 ,

313 3403 380 3457 (cf.
412 3404 542 3458 Apoll.
571 3403 703 3448 Rhod.
738 3407 773 3456 1,
803 3405 886 3445 894
911 3397 1003 3444 ἀλλ’
1036 3396 1089 3444 οὐ
1119 3398 1171 3446 σύ
1201 3416 1247 3457 γε
1275 3396 1401 3456 τήνδε
1428 3394 1630 3454 μενοινὴν
1657 3391 1845 3452 σχήσεις.
1877 3397 2068 3449 σχεθεῖν,
2101 3391 2215 3448 ἔχειν
2241 3394 2397 3447 ubique
2424 3392 2467 3434 in
2489 3389 2642 3441 codd.)-
