2930 3880
1344 414 1369 454 7
1382 427 1384 430 .

298 539 437 594 Ipsius
466 534 721 591 Theognidis
750 538 852 579 sunt
883 534 1061 578 necdum
1092 534 1301 578 emendati
1332 545 1480 579 versus
1509 536 1587 578 341
1605 545 1743 588 seqq.:

702 599 843 660 Ἀλλὰ,
877 607 978 659 Ζεῦ,
1008 602 1185 649 τέλεσόν
1212 621 1290 660 μοι
1315 601 1518 662 Ὀλύμπιε
1547 606 1715 662 καίριον
1744 601 1884 666 εὐχήν,

752 675 829 730 δὸς
856 677 906 722 δέ
933 694 1010 733 μοι
1038 672 1136 721 ἀντὶ
1163 679 1308 721 κακῶν
1335 677 1408 722 καί
1435 694 1479 722 τι
1508 682 1678 723 παθεῖν
1705 673 1886 735 ἀγαθόν.

701 751 910 808 τεθναίην
938 751 990 805 δ’,
1021 749 1061 794 εἱ
1090 748 1149 807 μή
1180 766 1223 794 τι
1251 753 1395 794 κακῶν
1421 750 1639 807 ἄμπαυμα
1667 751 1909 807 μεριμνέων

756 821 974 881 εὑροίμην,
1005 823 1128 880 δοίην
1157 824 1195 867 δ’
1224 819 1314 884 ἀντ’
1342 819 1476 867 ἀνιῶν
1503 819 1638 878 ἀνίας.

697 890 802 939 αἶσα
829 893 908 952 γάρ
937 892 1079 947 οὕτως
1106 895 1212 947 ἐστί,
1241 896 1354 947 τίσις
1382 896 1419 939 δ’
1453 892 1505 940 οὗ
1534 897 1734 956 φαίνεται
1763 896 1866 955 ἡμῖν

752 964 933 1025 ἀνδρῶν,
963 965 1012 1012 οἳ
1034 965 1150 1023 τάμὰ
1177 965 1355 1025 χρήματ’
1387 966 1535 1022 ἔχουσι
1563 969 1637 1028 βίῃ

697 1038 979 1100 συλήσαντες·
1011 1038 1092 1096 ἐγώ
1123 1040 1173 1084 δὲ
1200 1037 1317 1083 κύων
1345 1039 1538 1097 ἐπέρησα
1563 1039 1793 1099 χαράδρην,

755 1110 974 1171 χειμάρρῳ
1006 1114 1194 1169 ποταμῷ
1224 1109 1349 1154 πάντ’
1381 1107 1743 1169 ἀποσεισάμενος.

699 1189 787 1230 τῶν
815 1183 882 1243 εἴη
912 1185 1045 1240 μέλαν
1072 1178 1183 1239 αἷμα
1212 1187 1348 1240 πιεῖν,
1376 1184 1452 1228 ἐπί
1481 1186 1517 1227 τ’
1549 1184 1712 1238 ἐσθλὸς
1742 1180 1888 1242 ὄροιτο

754 1258 934 1312 δαίμων,
963 1250 1013 1307 ὃς
1039 1256 1130 1298 κατ’
1162 1251 1268 1310 ἒμὸν
1297 1257 1404 1298 νοῦν
1433 1256 1621 1300 τελέσειε
1651 1254 1770 1301 τάδε.

97 1372 104 1377 .
168 1335 298 1380 Varia
327 1335 369 1377 in
400 1334 465 1378 his
495 1336 769 1388 temptarunt,
799 1330 873 1374 sed
901 1342 987 1373 non
1015 1330 1099 1372 vidi
1128 1340 1264 1383 neque
1293 1328 1366 1382 qui
1392 1325 1572 1373 ‘canem'
1601 1331 1910 1386 imaginemque
1932 1332 2027 1376 inde
2053 1335 2268 1386 sumptam
2288 1333 2565 1387 probabiliter

164 1408 403 1463 explicaret
437 1418 574 1461 neque
607 1407 679 1459 qui
709 1407 750 1448 in
779 1415 906 1447 versu
941 1403 1078 1447 altero
1108 1402 1296 1445 dativum
1327 1397 1547 1458 χειμάρρῳ
1574 1403 1775 1459 ποταμῷ.
1834 1404 1892 1446 Et
1919 1405 2031 1448 hunc
2062 1405 2231 1459 quidem
2258 1405 2449 1449 dativum
2478 1418 2562 1450 non

169 1481 451 1526 dubitaverim
479 1492 622 1524 errore
650 1478 855 1533 scriptum
890 1487 983 1519 esse
1011 1487 1037 1517 a
1066 1474 1238 1518 librario
1268 1474 1340 1528 qui
1370 1486 1454 1517 non
1483 1473 1658 1527 videret,
1689 1475 1916 1519 cohaerere
1943 1487 2052 1528 qua-e
2085 1475 2258 1520 fortuito
2291 1476 2356 1520 hic
2382 1477 2426 1520 in
2454 1478 2560 1522 duos

165 1566 314 1599 versus
340 1553 579 1598 ceciderunt
604 1550 751 1595 verba:

1197 1599 1411 1659 χαράδρην

698 1672 933 1731 χειμάρρου
967 1677 1170 1730 ποταμοῦ
1432 1730 1435 1733 ¹

169 1758 239 1814 (cf.
269 1758 439 1812 Dionys.
467 1756 629 1810 Perieg.
659 1768 699 1798 v.
729 1756 833 1797 1077
867 1753 1128 1808 ..κείμενον
1155 1746 1231 1796 οἷα
1260 1749 1489 1808 κύλινδρον
1518 1752 1594 1796 ἐπὶ
1622 1750 1798 1806 χθονὸς,
1829 1749 1880 1795 ὅν
1903 1753 1937 1809 ῤ’
1970 1747 2060 1796 ἀπὸ
2091 1753 2252 1810 πέτρης
2281 1757 2565 1810 χειμερίου

169 1831 455 1884 ποταμοῖο
491 1823 608 1870 κάτω
646 1823 829 1880 σύρουσι
865 1821 1176 1881 χαράδραι),
1219 1837 1329 1880 quae
1370 1826 1499 1869 verba
1532 1826 1586 1870 de
1623 1825 1759 1870 turbis
1797 1826 2019 1880 Megaricis
2058 1826 2171 1871 dicta
2210 1832 2321 1872 Sunt.
2378 1822 2478 1884 'Eyd
2518 1829 2566 1872 δὲ

169 1900 284 1946 κύων
324 1904 466 1945 autem
506 1901 712 1954 scriptum
751 1899 852 1942 mihi
888 1899 1057 1942 videtur
1090 1911 1166 1952 pro
1207 1897 1289 1954 ἐγώ
1319 1897 1356 1941 δ’
1388 1892 1542 1942 οἷέκων.
1590 1898 1650 1942 ita
1679 1902 1728 1942 ut
1756 1900 1883 1952 poeta
1911 1898 2056 1954 fugam
2085 1912 2112 1942 a
2145 1912 2190 1943 se
2220 1901 2361 1952 invito,
2405 1902 2566 1946 relictis

169 1975 364 2020 omnibus
393 1974 520 2018 rebus
550 1973 651 2026 suis,
679 1973 922 2017 institutam
952 1973 1012 2015 sic
1040 1971 1359 2026 significaverit:

1185 2043 1298 2095 τίσις
1326 2043 1362 2086 δ’
1397 2038 1448 2087 οὗ
1479 2043 1677 2101 φαίνεται
1704 2042 1808 2100 ἡμῖν

758 2111 940 2172 ἀνδρῶν,
972 2114 1021 2159 οἳ
1042 2111 1158 2170 τάμά
1186 2111 1367 2172 χρήματ’
1404 2113 1553 2168 ἔχουσι
1580 2115 1654 2172 βίῃ
1708 2148 1710 2151 «

706 2186 986 2248 συλήσαντες·
1017 2185 1098 2245 ἐγώ
1129 2188 1166 2231 δ’
1198 2182 1342 2231 οἷὲκων
1370 2186 1562 2243 ἐπέρησα
1589 2184 1803 2244 χαράδρην

633 2250 635 2255 1
760 2258 995 2316 χειμάρρου
1028 2266 1232 2315 ποταμοῦ
1264 2256 1390 2302 πάντ’
1421 2255 1783 2314 ἀποσεισάμενος.

702 2336 791 2376 τῶν
818 2330 885 2390 εἴη
912 2333 1047 2388 μέλαν
1074 2327 1184 2386 αἷμα
1213 2334 1333 2375 πιεῖν
1361 2348 1398 2375 κ.
1428 2347 1465 2375 τ.
1495 2332 1533 2374 λ.

172 2411 241 2454 Sic
270 2410 401 2463 igitur
426 2407 658 2462 abigendus
689 2407 794 2450 mihi.
821 2407 991 2450 videtur
1018 2406 1133 2449 canis
1163 2405 1236 2448 ille
1266 2403 1483 2448 molestus.
1533 2403 1729 2445 nimirum
1761 2405 1986 2455 postquam
2019 2415 2094 2458 pro
2128 2400 2209 2458 ἐγώ
2240 2406 2376 2455 ΔΑΕ,
2408 2404 2565 2449 omissa

174 2481 320 2524 littera
349 2479 487 2532 simili,
524 2475 606 2533 ἐγώ
638 2479 715 2520 ΔΕ
740 2482 965 2520 exaratum
997 2481 1072 2528 est,
1112 2477 1249 2520 altera
1287 2476 1400 2519 vocis
1441 2475 1648 2528 genuinae
1683 2487 1782 2528 pars
1811 2475 1947 2517 ΚΩΝ
1966 2476 2088 2520 facile
2113 2470 2291 2519 ‘canem’
2320 2478 2564 2530 procreavit.

173 2550 256 2596 Ubi
284 2553 345 2595 sic
374 2550 527 2594 calami
555 2561 697 2592 errore
725 2561 835 2591 nova
863 2560 945 2591 vox
972 2551 1076 2591 nata
1103 2552 1168 2591 est
1197 2552 1240 2591 et
1268 2550 1381 2591 recte
1411 2546 1569 2601 scripta
1598 2549 1641 2589 et
1669 2545 1973 2599 grammaticae
2002 2550 2220 2601 metroque
2250 2551 2362 2601 apta,
2394 2547 2466 2591 diu
2498 2548 2568 2591 illa

172 2625 352 2668 lectores
383 2623 530 2666 fallere
559 2625 711 2676 potest,
746 2622 878 2666 veluti
908 2633 990 2664 vox
1018 2617 1278 2675 πνευμάτων
1309 2620 1351 2662 in
1381 2620 1470 2663 loco
1500 2618 1769 2662 celeberrimo
1790 2619 1935 2671 Eurip.
1957 2618 2092 2673 Iphig.
2115 2618 2239 2662 Taur.
2261 2633 2298 2662 v.
2321 2623 2393 2663 15:
2424 2621 2568 2675 δεινῆς

173 2699 210 2739 τ’
244 2689 432 2747 ἀπλοίας
461 2690 723 2748 πνευμάτων
748 2694 784 2735 τ’
816 2687 867 2736 οὗ
899 2689 1131 2750 τυγχάνων,
1171 2705 1246 2747 pro
1277 2693 1428 2746 quibus
1459 2692 1625 2746 scripsi:
1672 2690 1790 2748 δεινῇ
1819 2689 1854 2733 δ’
1886 2685 2052 2749 ἀπλοίᾳ
2087 2690 2300 2745 πλωίμων
2337 2693 2386 2734 οὐ
2415 2689 2569 2747 τυγχά-

175 2785 272 2820 νων,
315 2767 425 2821 quod
464 2767 618 2811 idcirca
653 2770 795 2821 tango,
837 2769 886 2809 ut
921 2766 1076 2810 addam
1112 2764 1239 2808 malle
1273 2777 1339 2807 me
1367 2777 1478 2807 nunc
1506 2765 1728 2818 pluralem,
1767 2775 1850 2816 quo
1889 2765 2023 2818 magis
2054 2765 2181 2808 etiam
2211 2765 2322 2817 quod
2365 2765 2456 2808 libri
2494 2766 2569 2809 ha-

174 2841 276 2884 bent
303 2840 559 2894 explicatur:

711 2904 872 2956 δειναῖς
901 2904 938 2947 δ’
972 2899 1177 2953 άπλοίαις
1203 2901 1417 2957 πλωΐμων
1446 2897 1504 2946 οὗ
1531 2900 1753 2959 τυγχάνων

179 2977 249 3033 (cf.
276 2977 431 3021 Herod.
465 2983 502 3032 2,
536 2980 614 3019 119
652 2970 913 3020 α’ποπλώειν
951 2974 1034 3033 γάρ
1065 2970 1318 3032 (ὁρμημένον
1351 2972 1484 3018 αὐτὸν
1522 2969 1647 3029 ἶσχον
1682 2968 1893 3029 ἄπλοιαι).
1956 2976 2296 3022 Ηιιίιιεῐηοᾱῐθεῖ
2325 2978 2451 3021 etiam
2486 2990 2567 3022 vox

178 3041 232 3093 εὖ
261 3045 427 3104 πράττε
459 3049 544 3093 sive
573 3039 620 3090 εὖ
653 3044 792 3102 πάσχε
820 3050 863 3092 in
894 3050 1081 3104 Theogn.
1114 3061 1151 3091 v.
1173 3051 1276 3091 573:

707 3112 755 3164 εὖ
785 3119 924 3176 ἔρδων
954 3112 1003 3164 εὖ
1030 3116 1160 3174 πάσχ’
1192 3118 1258 3164 ἔτι
1287 3121 1324 3162 κ’
1353 3113 1531 3176 ἄγγελον
1561 3113 1693 3162 ἄλλον
1721 3117 1904 3171 ἱάλλοις·

762 3195 842 3250 τῆς
871 3185 1115 3249 εὐεργεσίης
1145 3191 1270 3249 ρῃδίη
1299 3186 1484 3247 ἀγγελίη.

180 3271 239 3313 sic
270 3272 322 3311 A
348 3268 485 3321 habet,
519 3271 667 3325 reliqui
696 3262 744 3314 εὖ
778 3270 917 3326 ἔρδων
945 3262 994 3314 εὖ
1021 3268 1186 3326 πρᾶττε
1215 3270 1258 3312 τί
1286 3286 1324 3312 κ.
1353 3285 1391 3312 τ.
1422 3270 1472 3323 λ.,
1503 3283 1636 3324 quare
1663 3271 1965 3314 distinxerunt:

285 3327 302 3342 ⁶
711 3334 759 3386 εὖ
790 3341 929 3398 ἔρδων
958 3335 1006 3386 εὖ
1035 3339 1195 3396 πάσχε·
1227 3334 1279 3384 τί
1296 3342 1332 3383 κ’
1363 3335 1542 3397 ἄγγελον
1569 3335 1701 3384 ἄλλον
1730 3338 1923 3392 {cincus-‚-

767 3417 846 3471 τῆς
873 3410 1119 3471 εὐεργεσίης
1147 3414 1273 3471 ῥῃδίη
1301 3408 1484 3469 α’γγελίη.
