2930 3880
1330 397 1384 437 23

689 510 891 570 λυτήριος
920 515 969 558 ἐκ
996 513 1190 561 θανάτου
1219 522 1355 575 γενοῦ,

695 581 850 642 φόνιον
876 585 916 634 δ’
948 580 1212 630 α’πόπαυσον
1236 586 1400 634 “Acdav.

166 660 316 716 quibus
345 661 388 704 in
415 661 680 715 antistropha
708 661 804 705 inde
833 674 858 705 a
887 674 1012 706 versu
1039 664 1164 707 tertio
1193 666 1446 718 respondent
1475 651 1620 710 verba:

690 730 855 788 βόασον
884 726 920 776 ὦ
950 734 1154 789 στέναξον
1185 728 1221 778 ὦ
1253 736 1416 792 Φεραία

617 815 623 852 T
691 804 815 859 χθών
844 800 941 850 τάν
957 802 1135 861 α’ρίσταν
1235 855 1238 858 ‚

690 881 868 934 γυναῖκα
895 879 1210 934 μαραινομέναν
1239 896 1352 938 νοσῳ

689 948 796 993 κατὰ
823 952 900 1006 γᾶς
932 947 1114 1003 χθόνιον
1143 953 1245 1007 παρ’
1268 949 1436 997 ’Ἀιδαικ

161 1023 231 1067 ubi
259 1022 384 1067 verbo
415 1021 596 1079 ἑφεῦρες
622 1025 786 1067 remoto
817 1020 888 1064 καὶ
916 1017 1058 1076 πάρος
1086 1020 1162 1076 γὰρ
1191 1019 1413 1073 τοιόςδε
1445 1025 1514 1066 καὶ
1546 1026 1617 1067 νῦν
1646 1042 1682 1069 κ.
1715 1043 1749 1069 τ.
1779 1028 1815 1071 λ.
1845 1028 2007 1079 conicit,
2041 1030 2151 1081 quod
2179 1042 2371 1074 mancum
2399 1035 2442 1074 et
2470 1032 2546 1074 im-

160 1095 393 1150 perfectum
421 1099 497 1146 est,
531 1094 796 1139 scribendum
822 1094 1009 1138 videtur:

794 1214 800 1220 ⁶
919 1167 991 1210 καὶ
1019 1163 1161 1222 πάρος
1190 1164 1267 1222 γὰρ

619 1249 622 1252 ’
689 1229 810 1296 ευρές
838 1253 894 1294 τι,
923 1238 994 1280 καὶ
1026 1240 1100 1280 νῦν

97 1372 104 1377 .
690 1308 890 1366 zvm'qaog
918 1310 964 1354 ἐκ
994 1307 1188 1353 θανάτου
1218 1312 1354 1365 γενοῦ.

162 1385 262 1429 Plus
291 1386 420 1429 semel
455 1385 743 1440 grammaticis
774 1384 922 1427 tribuit
961 1395 1071 1436 quae
1104 1394 1186 1425 non
1217 1386 1392 1436 possunt
1429 1396 1512 1427 non
1543 1397 1567 1427 a
1599 1388 1724 1439 poeta
1750 1387 1935 1440 profecta
1963 1402 2068 1442 esse,
2119 1392 2166 1431 ut
2192 1389 2357 1432 Heracl.
2391 1404 2427 1432 v.
2455 1394 2543 1442 182,

162 1456 330 1512 Hippoi.
361 1469 397 1500 v.
422 1460 539 1509 1367,
571 1457 700 1501 Andr.
731 1456 824 1498 321.
860 1454 942 1498 Sed
972 1467 1143 1498 manum
1171 1455 1223 1497 de
1252 1454 1416 1497 tabula:
1446 1454 1524 1497 hoc
1554 1461 1849 1510 argumentum
1880 1458 1926 1501 ἐκ
1955 1459 2170 1515 παρέργου
2199 1461 2353 1504 absolvi
2386 1463 2544 1515 nequit.

159 1529 210 1573 In
240 1530 484 1573 universum
513 1541 678 1574 moneo:
707 1528 780 1582 qui
812 1529 920 1571 hanc
950 1527 1198 1571 emendandi
1224 1527 1428 1570 rationem
1460 1532 1656 1577 exercent
1683 1532 1782 1572 ante
1813 1541 1940 1582 quam
1971 1532 2340 1583 grammaticorum
2369 1543 2544 1576 consue-

110 1626 114 1630 *
160 1601 351 1645 tudinem
388 1601 632 1646 adcuratius
669 1601 952 1655 cognoverint,
996 1611 1132 1652 neque
1168 1602 1280 1640 certo
1310 1601 1543 1650 agnoscunt
1572 1610 1741 1641 manum
1770 1600 1964 1654 alienam,
2011 1606 2053 1644 et
2081 1602 2263 1655 ipsorum
2292 1603 2539 1656 scriptorum

161 1675 291 1718 verba
310 1673 607 1728 suspicientes
624 1673 909 1725 eicientesque
939 1683 1064 1716 verae
1102 1670 1291 1714 lectionis
1320 1669 1497 1723 vestigia
1525 1670 1774 1723 extinguunt
1801 1684 1932 1724 eoque
1962 1674 2238 1716 emendationi
2268 1673 2418 1716 falsum
2447 1674 2543 1716 sub·

160 1750 333 1791 struunt
360 1745 692 1789 fundamentum.

303 1879 420 1923 Haec
446 1878 534 1921 fere
562 1878 689 1921 habui
718 1890 828 1932 quae
857 1877 1056 1921 adderem
1086 1880 1210 1919 antea
1239 1875 1375 1918 editis.
1418 1876 1496 1918 nisi
1524 1877 1634 1928 quod
1662 1876 1828 1919 demere
1855 1888 2029 1931 quoque,
2057 1889 2184 1919 unum
2215 1882 2257 1920 et
2283 1867 2461 1922 alterum
2491 1890 2543 1920 ex

87 1974 99 1983 x
161 1952 246 1996 illis
284 1952 326 1994 in
356 1952 494 1994 animo
525 1953 602 1994 est.
661 1961 845 2003 namque
878 1950 956 1992 hoc
992 1948 1114 1992 facile
1152 1948 1200 1991 fit
1228 1949 1270 1990 in
1299 1947 1363 1989 his
1390 1947 1695 2001 scriptionibus,
1741 1950 1789 1990 ut
1817 1947 1909 1990 aliis
1939 1948 2084 1991 multis
2115 1951 2340 2003 occupatus
2369 1949 2544 2002 negotiis

165 2027 342 2078 urgente
376 2026 569 2098 tempore
598 2023 756 2077 aliquid
789 2021 958 2072 scribas,
998 2021 1108 2073 quod
1138 2032 1234 2062 mox
1265 2019 1412 2063 tollere
1442 2020 1560 2062 velis.
1617 2019 1901 2063 Festinantius
1930 2019 2118 2063 versibus
2151 2022 2224 2061 151
2243 2031 2347 2072 seq:
2383 2016 2544 2073 ‘',Ysspw
2603 2074 2612 2078 -

165 2091 321 2150 Κύρνε,
362 2087 471 2146 θεὸς
515 2096 694 2150 πρῶτον
734 2090 865 2136 κακον
906 2086 1083 2137 ιῖίπασεν
1118 2087 1253 2148 ανδρὶ,
1290 2108 1339 2134 ου
1375 2090 1520 2145 μέλλει
1555 2106 1696 2146 χωρην
1723 2090 1933 2146 μηδεμίαν
1959 2090 2142 2145 θέμεναι
2168 2104 2336 2134 manum
2366 2092 2542 2142 admovi,

164 2168 361 2220 quoniam
390 2171 491 2210 tunc
521 2166 782 2210 ostendebam
811 2167 854 2209 in
885 2166 1101 2220 singulari,
1130 2166 1201 2217 qui
1234 2169 1376 2207 tamen
1406 2164 1551 2218 negari
1581 2164 1738 2216 nequit,
1771 2164 1894 2206 huius
1926 2163 2116 2206 dictionis
2148 2176 2239 2207 usu.
2290 2163 2466 2214 Scilicet,
2498 2166 2545 2205 ut

163 2241 255 2282 tota
283 2239 493 2281 sententia
532 2238 615 2294 (cui
647 2237 842 2291 Aeschyli
875 2237 1003 2280 verba
1043 2233 1150 2286 θεὸς
1185 2235 1263 2289 μὲν
1291 2232 1430 2276 αἰτίαν
1459 2231 1561 2291 φύει
1589 2237 1780 2288 βροτοῖς,
1810 2231 1911 2276 ὅταν
1940 2236 2130 2277 κακῶσαι
2155 2235 2278 2288 δῶμα
2306 2230 2544 2288 παμπηδην

162 2310 274 2367 θέλῃ
300 2311 491 2364 proxime
521 2310 754 2364 accedunt),
801 2309 960 2363 priscus
999 2312 1064 2351 est
1092 2306 1304 2361 cogitandi
1342 2307 1620 2360 loquendique
1649 2306 1809 2358 modus,
1849 2307 1899 2349 de
1931 2319 1978 2350 eo
2009 2309 2080 2359 qui
2111 2306 2255 2349 infelix
2294 2306 2460 2349 futurus
2490 2307 2546 2348 sit

164 2383 319 2428 dicere:
354 2383 594 2438 neglegitur
614 2396 639 2425 a
659 2382 751 2426 deo.
781 2382 926 2435 itaque
954 2393 1030 2434 pro
1052 2376 1193 2433 ‘quem
1223 2379 1324 2421 deus
1353 2378 1527 2431 perdere
1554 2372 1658 2421 vult'
1687 2378 1854 2421 dicitur:
1887 2368 1937 2419 οὗ
1963 2377 2107 2430 μέλλει
2137 2374 2277 2433 χώρην
2304 2378 2346 2429 (i.
2363 2391 2396 2420 e.
2414 2370 2544 2432 ιῖίρην)

163 2454 431 2510 μηδεμίαν
455 2453 652 2508 θέμεναι,
683 2458 725 2498 et
746 2466 823 2508 pro
840 2450 939 2498 ‘non
957 2452 1096 2496 felices
1121 2451 1253 2495 futuri
1273 2444 1384 2494 sunt'
1415 2450 1470 2504 (v,
1492 2453 1568 2492 821
1594 2447 1642 2492 οἳ
1666 2446 2062 2505 καταγηράσκοντας
2089 2444 2340 2503 ἀτιμάζουσι
2371 2450 2544 2504 τοκῆας)

163 2523 331 2569 τούτων
355 2529 485 2577 θεοῖς
513 2523 631 2582 χώρη
660 2522 830 2582 (Κύρν’)
861 2520 1020 2581 ὀλίγη
1048 2523 1232 2566 τελέθει.
1269 2546 1318 2552 -
1349 2525 1398 2564 In
1430 2535 1466 2563 v.
1491 2523 1597 2563 1346
1628 2521 1906 2578 παιδοφιλεῖν
1932 2520 1978 2563 δέ
2008 2537 2048 2562 τι
2077 2518 2276 2575 τερπνὸν,
2307 2520 2404 2562 ἐπεί
2432 2535 2540 2562 ποτε

165 2596 238 2638 καὶ
270 2594 541 2652 Ιανυμήδους
578 2589 712 2652 ἤρατο
753 2596 824 2638 καὶ
855 2594 1070 2651 Κρονίδης
1110 2607 1192 2637 non
1227 2595 1407 2649 genuina
1451 2593 1550 2634 mihi
1590 2593 1811 2636 videbatur
1846 2605 1979 2646 neque
2020 2605 2127 2635 nunc
2158 2592 2323 2635 videtur
2354 2591 2544 2635 vocabuli

164 2666 235 2709 καί
264 2668 481 2722 repetiti03
526 2681 579 2711 ne
609 2670 669 2712 sic
697 2668 879 2727 quidem,
921 2673 969 2711 ut
998 2669 1176 2710 alterum
1207 2665 1277 2707 καὶ
1303 2659 1486 2716 ‘etiam³‚
1528 2665 1708 2707 alterum
1732 2658 1843 2707 ‘vel'
1873 2665 1956 2715 (vel
1987 2663 2168 2718 Jupiter)
2206 2662 2418 2715 significet.
2472 2662 2543 2704 sed

165 2752 275 2783 nunc
314 2740 497 2783 alterum
536 2738 608 2781 καὶ
647 2739 839 2797 additum
877 2752 969 2783 esse
1007 2740 1199 2791 arbitror,
1238 2740 1459 2791 postquam
1499 2730 1630 2792 ἤρατο
1662 2735 1876 2791 Κρονίδης
1911 2737 2114 2789 scriptum
2156 2741 2221 2778 est
2250 2747 2325 2787 pro
2355 2728 2541 2790 ἠράσατο

166 2810 396 2867 Κρονίδης.
427 2835 479 2842 —-
509 2812 556 2854 In
586 2825 625 2854 v.
647 2815 728 2854 425
757 2824 842 2855 non
876 2824 981 2866 opus
1012 2815 1076 2855 est
1103 2807 1277 2860 πάντως
1307 2811 1348 2852 in
1377 2802 1511 2864 ἀρχήν
1539 2812 1717 2859 mutare,
1750 2809 1783 2850 si
1815 2801 1864 2848 οὗ
1893 2803 2072 2856 πάντως
2100 2806 2315 2859 coniungis
2347 2806 2374 2847 i.
2403 2817 2436 2847 e.
2469 2805 2542 2846 mi-

165 2884 288 2936 nime,
329 2887 378 2927 ut
405 2884 550 2927 dicunt
589 2878 641 2926 οὔ
679 2880 872 2938 πάντως,
910 2880 962 2926 οὗ
998 2880 1127 2934 πάνυ,
1171 2877 1222 2924 οὗ
1247 2878 1372 2935 μάλα.
1413 2905 1463 2910 --
1501 2881 1550 2922 In
1587 2892 1623 2921 v.
1650 2882 1728 2921 502
1766 2878 1944 2920 Stobaeo
1986 2877 2061 2919 τὸν
2100 2877 2203 2932 πρὶν
2242 2873 2365 2919 ἐόντα
2402 2871 2542 2930 σοφόν

165 2954 272 3010 (18ᾶί-
287 2967 364 3008 pro
394 2954 465 2996 καὶ
493 2953 568 2998 τὸν
598 2951 722 2997 ἑόν-τα
754 2952 908 3013 σοφόν.
943 2979 993 2986 -
1027 2957 1109 2998 Pro
1135 2955 1200 2998 his
1232 2953 1385 2997 addere
1405 2952 1502 2995 huic
1522 2952 1864 2995 emendationum
1896 2951 2084 3005 syllegae
2108 2963 2157 2993 ea
2176 2951 2300 2993 liceat
2322 2961 2428 3002 quae
2452 2948 2543 2991 aliis
2608 2979 2612 2985 ,

163 3027 265 3071 locis
296 3028 505 3081 proposui.
545 3028 595 3071 In
623 3028 816 3072 versibus
846 3029 1008 3072 Solonis
1038 3041 1074 3070 v.
1099 3028 1178 3069 227
1197 3037 1311 3079 seqq.
1341 3024 1505 3077 scripsi:
1536 3022 1602 3074 τίς
1626 3018 1676 3064 ἂν
1705 3020 1920 3076 κορέσειεν
1946 3015 2208 3071 ἄνάλτους
2237 3033 2311 3074 pro
2340 3016 2542 3068 ἅπαντας.

124 3096 131 3107 ⁴
164 3098 213 3140 In
241 3111 281 3141 v.
303 3099 384 3141 609
412 3110 488 3152 pro
518 3093 625 3142 ου’δέ
650 3114 694 3142 τι
722 3100 854 3142 καλόν
886 3100 1084 3155 proposui
1119 3093 1277 3140 οὐδὲν
1307 3094 1548 3139 ἔλασσον.
1606 3095 1655 3137 V.
1677 3096 1758 3136 800
1789 3094 1846 3136 sic
1872 3093 2108 3136 emendavi:
2148 3087 2253 3134 ἀλλ’
2281 3085 2338 3141 ὃς
2365 3086 2541 3144 λώιος,

166 3163 221 3220 ὃς
257 3166 317 3225 δή
358 3166 660 3214 πλεόνεσσι
692 3167 822 3215 ἅδοι.
890 3172 940 3214 In
967 3184 1005 3213 v.
1030 3172 1137 3213 1083
1175 3181 1251 3223 pro
1279 3166 1601 3222 ἐπιστρέψαντα
1630 3166 1794 3210 restitui
1831 3162 2242 3218 ὖποθρέψαντα.
2300 3163 2347 3205 In
2377 3175 2413 3205 v.
2438 3163 2542 3203 1175

167 3241 322 3284 conieci
353 3243 534 3283 κακῶν
566 3241 613 3285 δὲ
641 3245 867 3298 βροτοῖσιν
895 3258 1027 3297 αρος
1056 3243 1143 3283 τῶν
1173 3233 1266 3282 ου’τι
1292 3236 1450 3282 κάκιον.
1506 3239 1554 3281 In
1584 3251 1621 3281 v.
1646 3239 1752 3280 1193
1768 3249 1875 3291 seq..

695 3308 954 3357 ασπάλαθοι
984 3312 1031 3355 δὲ
1060 3309 1245 3367 τάπησιν
1273 3307 1429 3365 ὁμοῖον
1457 3311 1634 3364 στρῶμα
1663 3306 1864 3381 θανόντι

751 3402 802 3427 το
833 3380 1004 3439 ξύλον’
985 3401 1011 3439 η
1044 3380 1230 3439 σκληρον
1259 3381 1418 3437 γίνεται
1447 3398 1463 3422 7
1499 3377 1704 3435 μαλακόν.
