2930 3880
1412 347 1460 386 11

766 468 853 509 τιῖν
883 465 921 508 δ’
954 457 1091 508 ὄντων
1118 457 1298 519 τάριστα
1327 464 1590 520 παρέξομεν·
1622 459 1673 520 ἢν
1701 463 1749 506 δέ
1775 479 1841 515 τις
1871 461 1984 520 ἔλθῃ

830 539 907 581 σεῦ
937 536 1065 594 φίλος
1097 532 1168 590 ὢν,
1202 533 1416 579 κατάκεισ’
1450 531 1510 587 ὥς
1537 531 1774 593 φιλότητος
1806 532 1930 588 ἔχεις,

767 603 867 653 οὕτε
891 625 934 652 τι
962 610 1050 651 τῶν
1079 602 1216 652 ὄντων
1244 603 1559 664 ἀποθήσομαι,
1588 601 1687 651 οὔτε
1718 624 1760 651 τι
1787 609 1938 663 μεῖζον

821 684 899 739 σῆς
925 680 1050 724 ἕνεκα
1080 681 1217 737 ξενίης
1245 675 1436 724 ἄλλοθεν
1470 678 1702 736 οἶσόμεθα.
1725 697 1763 724 κ.
1793 696 1831 724 τ.
1861 681 1898 723 λ.

239 758 448 813 Bergkius
478 756 532 799 ad
562 767 730 798 versum
759 759 958 809 quartum
989 754 1231 808 adscripsit:
1276 751 1288 766 ‘
1303 765 1458 796 nomen
1486 754 1712 806 repetitum
1741 752 1893 796 indicio
1934 755 2014 805 est,
2058 753 2163 797 haec
2190 753 2234 795 in
2265 756 2428 797 arctum
2458 754 2629 798 redacta

241 823 364 876 esse.'
393 834 439 873 at
465 840 611 872 vereor
638 839 691 870 ne
720 828 822 871 haec
842 828 1020 871 nominis
1047 827 1252 881 dactylico
1283 830 1420 869 metro
1451 826 1659 879 aptissimi
1678 825 1874 879 repetitio
1895 825 2121 878 spondaica
2147 835 2231 867 non
2262 825 2343 868 nisi
2372 837 2513 869 errore
2539 829 2634 869 orta

239 903 295 946 sit
322 914 346 944 e
374 913 475 945 voce
507 900 728 952 simillima,
760 899 833 942 sed
860 901 1041 942 rariore:
1073 898 1245 955 κληΐσθ’
1279 898 1397 951 (Hes.
1431 897 1639 952 κληϊσταί,
1667 896 1871 949 κλεισταί,
1902 896 2128 952 κλείθροις
2159 891 2488 954 ἦσφαλισμέναι,
2517 899 2630 951 quod

238 974 294 1018 ad
322 972 400 1017 Od.
432 976 470 1025 2,
502 975 583 1015 344
611 971 807 1027 κληϊσταὶ
836 971 871 1014 δ’
903 969 1068 1015 ἔπεσαν
1097 971 1268 1022 σανίδες
1299 971 1495 1020 πυκινῶς
1523 964 1724 1024 ἄραρυῖαι
1751 971 1971 1025 pertInet):

775 1041 875 1100 νηός
903 1060 973 1087 τοι
1000 1044 1237 1102 πλευρῇσιν
1269 1040 1358 1086 ὑπὸ
1390 1041 1490 1099 ζυγὰ
1517 1040 1716 1099 θήσομεν
1745 1042 1869 1101 ἡμεῖς

832 1116 1020 1173 κληΐσθ’,
1045 1111 1101 1159 οἷ’
1136 1115 1292 1171 ἔχομεν
1320 1110 1423 1168 χοῖα
1450 1116 1618 1159 διδοῦσι
1639 1116 1756 1159 θεοί.

240 1193 290 1235 111
319 1204 446 1236 versu
476 1195 596 1235 sexto
625 1191 796 1245 plurimi
829 1191 872 1232 in
890 1191 985 1234 ,alia
1014 1190 1153 1232 omnia
1183 1189 1402 1242 abierunt3
1446 1190 1552 1232 bene
1580 1191 1692 1242 quod
1734 1191 1788 1232 ad
1833 1190 2088 1232 sententiam
2117 1189 2281 1233 adtinet
2306 1188 2542 1243 Bergkius:
2575 1184 2636 1239 ὦς

241 1261 476 1324 φιλότητας
507 1262 582 1320 ἔχῃ
614 1264 800 1317 coniecit,
828 1264 902 1306 sed
927 1263 1038 1316 quod
1066 1263 1313 1316 praeposuit
1331 1255 1498 1304 κοῖκεῖσ’
1528 1262 1655 1315 (quod
1677 1262 1728 1304 de
1748 1263 1869 1304 amici
1895 1263 1993 1304 navi
2014 1262 2171 1305 dictum
2191 1274 2284 1305 esse
2301 1261 2418 1315 vult)
2438 1261 2634 1305 alienum.

239 1342 410 1393 poetam
438 1338 675 1391 putaverim
710 1348 811 1379 voce
838 1335 906 1378 hic
935 1347 1060 1378 usum
1091 1347 1183 1378 esse
1212 1334 1264 1377 de
1295 1334 1483 1387 hospitio
1510 1335 1678 1388 proprie
1705 1335 1817 1378 dicta
1846 1331 2125 1390 κατάγεσθαι.
2178 1334 2239 1377 Ut
2265 1335 2376 1377 enim
2404 1346 2469 1377 ex.
2499 1346 2534 1377 c.
2566 1346 2634 1387 ap.

241 1410 562 1464 Xenophontem
588 1410 631 1452 in
661 1409 809 1463 Cyrop.
842 1411 881 1461 8,
915 1411 952 1458 5,
987 1410 1036 1448 17
1067 1407 1247 1460 legitur:
1293 1408 1441 1461 Κῦρος
1484 1401 1584 1449 εἶπε
1613 1408 1675 1463 τῷ
1705 1403 1924 1464 Κυαξάρῃ,
1956 1403 2024 1449 ὅτι
2053 1401 2174 1458 οἶκος
2201 1401 2318 1463 αὖτῷ
2349 1405 2633 1464 ἐξηρτημένος

242 1479 309 1539 εἴη
325 1481 370 1525 ἐν
388 1482 617 1536 Βαβυλῶνι
631 1480 702 1523 καὶ
723 1475 886 1534 ἀρχεῖα,
922 1476 948 1521 δ’
960 1495 1075 1530 πως
1106 1476 1198 1536 ἔχῃ
1230 1479 1300 1521 καὶ
1329 1475 1432 1521 ὅταν
1453 1479 1591 1522 ἐκεῖσε
1613 1477 1726 1536 ἔλθῃ
1748 1475 1807 1530 ὠς
1828 1477 1889 1530 εἰς
1913 1477 2053 1522 οἰκεῖα
2081 1475 2446 1535 κατάγεσθαι,
2476 1479 2538 1522 ita
2568 1479 2636 1522 hic

241 1568 410 1611 quoque
439 1556 596 1598 dietum
625 1555 770 1597 fuerit:
803 1549 888 1603 ὡς.
911 1587 920 1596 .
946 1550 1021 1610 ἔχῃ
1051 1550 1340 1607 κατάγεσθαι.
1372 1553 1455 1594 iam
1487 1564 1585 1595 vero
1616 1552 1658 1594 in
1689 1552 1899 1608 φιλοτητο
1930 1552 2007 1606 (sic
2035 1552 2144 1594 enim
2163 1554 2216 1593 A
2242 1551 2383 1604 habet,
2414 1551 2526 1604 quod
2554 1551 2635 1594 etsi

243 1630 434 1682 ineptum
466 1627 641 1679 videtur,
670 1629 814 1669 tamen
841 1627 954 1669 vocis
978 1626 1186 1680 genuinae
1228 1626 1426 1668 indicium
1472 1625 1590 1668 nobis
1621 1624 1803 1675 adferat)
1846 1623 1960 1666 aliud
2002 1624 2121 1666 latet.
2159 1636 2255 1666 cum
2291 1624 2403 1667 enim
2431 1624 2628 1667 librarius

244 1713 321 1754 pro
350 1699 480 1758 φίλον
507 1690 613 1755 ἦτορ
644 1710 786 1741 errore
813 1698 1025 1755 φιλοτητο
1072 1699 1252 1743 scribere
1299 1699 1531 1751 incepisset,
1580 1697 1905 1740 exhorrescebat
1946 1696 2133 1739 litteram
2162 1712 2186 1751 ρ
2217 1697 2276 1739 sic
2301 1708 2383 1739 non
2411 1695 2628 1738 ferendam

243 1777 288 1818 et
316 1783 460 1817 vocem
487 1769 779 1825 imperfectam
805 1771 988 1824 reliquit,
1032 1782 1086 1812 ne
1131 1774 1307 1814 accentu
1350 1770 1518 1824 quidem
1546 1770 1703 1823 addito,
1748 1773 1795 1813 ut
1824 1770 1942 1821 solet,
1973 1769 2045 1812 ubi
2071 1768 2123 1811 de
2152 1769 2251 1823 ipsis
2277 1769 2416 1812 verbis
2448 1769 2634 1811 incertus

243 1848 320 1889 est.
377 1844 529 1896 Itaque
555 1848 684 1898 poeta
711 1844 812 1886 mihi
841 1843 1008 1887 videtur
1048 1844 1283 1897 scripsisse:
1329 1838 1562 1898 κατάγεσθ’
1595 1839 1656 1893 (ὃς
1685 1842 1815 1899 φίλον
1843 1858 1951 1900 ητορ
1993 1839 2083 1898 ἔχῃ,
2111 1842 2138 1883 i.
2169 1854 2204 1885 e.
2233 1841 2287 1885 ad
2316 1841 2634 1885 deversandum.

243 1919 304 1997 Ut
331 1919 386 1962 ad
413 1918 582 1972 pulcros
608 1916 719 1960 unde
748 1916 959 1969 digressus
988 1927 1083 1959 sum
1111 1915 1283 1959 redeam
1316 1928 1355 1958 v
1387 1917 1619 1968 825—830,
1652 1916 1725 1969 qui
1757 1929 1868 1959 nunc
1899 1916 2055 1970 integri
2085 1918 2211 1959 sunt:

775 1988 874 2036 πῶς
901 1983 1004 2042 ἡμῖν
1027 1985 1228 2041 τέτληκεν
1253 1982 1328 2027 ὑπ’
1358 1980 1603 2045 αὔλητῆρος
1632 1983 1794 2031 αείδειν

831 2055 1003 2145 θυμός,
1029 2060 1108 2115 γῆς
1137 2058 1173 2101 δ’
1207 2049 1343 2113 οὖρος
1371 2058 1572 2115 φαίνεται
1601 2057 1650 2112 ἐξ
1675 2053 1845 2115 αγορῆς,

782 2128 847 2188 ἢηῖ
879 2147 1062 2190 δτρεφδν
1089 2134 1324 2187 καρποῖσιν
1353 2131 1398 2175 ἐν
1426 2130 1666 2183 διλαπιναις
1695 2131 1939 2189 φορέοντας

836 2206 1013 2263 ξανθῇσ’
1043 2203 1124 2249 εἶνὶ
1151 2202 1306 2260 κόμαις
1335 2205 1615 2261 πορφυρέους
1642 2201 1898 2262 στεφάνους.

727 2277 729 2279 ’
774 2273 867 2320 ἄλλ’
899 2271 973 2333 ἆγε
1003 2274 1055 2334 δὴ
1086 2272 1221 2333 ’γκυτὶ
1250 2279 1368 2332 κεῖρε
1398 2274 1548 2334 κόμην,
1578 2272 1785 2321 ἀπόπαυε
1823 2276 1870 2320 δὲ
1899 2278 2062 2332 κῶμον,

834 2350 995 2394 πένθει
1025 2351 1060 2393 δ’
1093 2345 1257 2407 εὖάνθη
1286 2353 1427 2405 χῶρον
1456 2345 1767 2405 ἀπολλύμενον.

247 2428 469 2479 praeterea
487 2425 597 2468 enim
617 2425 659 2466 in
674 2425 809 2479 primo
829 2437 955 2468 versu
974 2426 1177 2468 librorum
1199 2426 1319 2468 lectio
1341 2422 1455 2483 ἡμῖν,
1482 2437 1558 2478 pro
1583 2436 1668 2478 qua
1691 2423 1806 2467 solus
1823 2425 1876 2464 A
1892 2419 1994 2477 ὑμῖν
2017 2422 2158 2475 habet,
2189 2421 2425 2477 reponenda
2453 2424 2555 2472 erat,
2588 2424 2636 2463 ut

247 2498 414 2542 initium
437 2501 481 2540 et
497 2496 594 2540 finis
617 2497 727 2540 inter
742 2510 787 2541 se
801 2499 1086 2542 concinerent:
1120 2511 1211 2542 sese
1227 2499 1364 2552 ipsum
1387 2510 1551 2551 quoque
1572 2510 1597 2539 a
1614 2497 1804 2540 laetitiae
1822 2495 2123 2550 significatione
2142 2499 2314 2539 revocat
2331 2497 2466 2549 poeta.
2497 2493 2633 2544 Quam

247 2570 395 2614 inutile
420 2573 563 2613 autem
591 2569 655 2622 sit,
684 2582 861 2624 propere
888 2571 1062 2615 lacunas
1096 2583 1280 2624 sumere,
1311 2574 1354 2614 et
1383 2570 1483 2614 alibi
1511 2570 1654 2612 monui
1685 2570 1868 2624 saepius,
1898 2572 1942 2612 et
1973 2580 2055 2611 uno
2085 2569 2269 2612 maxime
2300 2567 2512 2611 occasione
2531 2567 2633 2610 data

247 2643 537 2686 demonstrare
563 2643 690 2686 liceat
719 2644 919 2698 exemplo,
951 2643 1063 2696 quod
1095 2644 1174 2686 dici
1199 2645 1346 2696 nequit
1379 2646 1561 2696 quantas
1604 2641 1830 2686 conciverIt
1871 2640 2135 2684 confusiones
2174 2641 2416 2694 turbasque.
2473 2638 2635 2692 Nempe

247 2727 413 2759 errores
440 2715 555 2759 Ionis
582 2716 849 2770 Aeschyleae‚
882 2718 924 2759 in
949 2729 1054 2770 quos
1086 2717 1187 2759 olim
1217 2720 1337 2761 tanto
1372 2728 1496 2770 opere
1524 2715 1771 2769 inquisitum
1805 2719 1882 2767 est,
1914 2726 1940 2755 a
1967 2714 2132 2756 nemine
2162 2713 2263 2756 dum
2292 2714 2406 2756 recte
2435 2710 2633 2764 explicati

249 2801 299 2832 ac
341 2786 502 2831 definiti
541 2790 641 2831 sunt
682 2792 854 2843 propter
894 2789 1087 2832 lacunam
1133 2790 1176 2831 in
1217 2789 1458 2831 Promethei
1499 2788 1636 2831 verbis
1674 2787 1779 2830 falso
1819 2789 2016 2830 sumtam.
2074 2785 2343 2828 Hermannus
2372 2795 2536 2836 quoque
2566 2782 2637 2835 qui

250 2873 403 2915 magna
433 2874 536 2904 cura
562 2862 729 2915 singula
757 2862 958 2906 adcurate
987 2863 1199 2916 explicare
1228 2863 1457 2914 nitebatur,
1498 2862 1542 2904 in
1571 2861 1691 2903 devia
1734 2859 1874 2903 omnia
1902 2859 2002 2910 abit,
2048 2858 2118 2901 ubi
2158 2858 2213 2900 ad
2243 2868 2387 2901 versus
2410 2858 2490 2898 790
2520 2865 2636 2908 seqq.

250 2934 375 2987 venit,
408 2934 557 2988 quibus
583 2935 862 2978 Prometheus
890 2935 1207 2989 explicationem
1237 2934 1400 2977 itineris
1430 2946 1468 2975 v.
1500 2936 1579 2975 735
1613 2933 1835 2986 abruptam
1868 2931 2078 2985 excipiens
2108 2930 2230 2974 dicit:

779 3003 884 3050 ὅταν
912 3004 1108 3065 περάσῃς
1137 3009 1321 3063 ῥεῖθρον
1350 3001 1545 3062 ἠπείρων
1573 3001 1689 3059 ὅρον,

781 3077 896 3136 πρὸς
924 3074 1106 3130 ἀντολὰς
1134 3080 1374 3137 φλογῶπας
1402 3075 1668 3135 ἡλιοστιβεῖς

781 3153 946 3196 πόντου
976 3154 1158 3208 περῶσα
1186 3152 1415 3210 φλοῖσβον,
1443 3149 1490 3203 ἔς
1517 3152 1553 3194 τ’
1585 3148 1636 3194 ἂν
1665 3150 1780 3209 ἐξίκῃ

781 3225 894 3281 πρὸς
920 3223 1154 3282 Γοργόνεια
1191 3224 1322 3268 πεδία
1352 3221 1594 3282 Κισθήνης,
1626 3225 1696 3267 ἵνα
1722 3241 1760 3267 κ.
1792 3240 1830 3267 τ.
1860 3223 1898 3267 λ.

256 3300 388 3343 Deest
411 3298 481 3341 hic
504 3301 549 3341 et
578 3298 751 3341 verbum
767 3304 826 3342 -et
855 3311 1004 3343 nomen
1034 3291 1181 3342 maris:
1214 3309 1313 3351 ergo
1341 3298 1490 3341 lacuna
1515 3299 1626 3342 inter
1657 3309 1824 3342 versum
1851 3296 2079 3340 secundum
2111 3298 2154 3339 et
2181 3294 2367 3337 tertium.
2417 3291 2486 3336 Ita
2514 3289 2637 3334 hodie

257 3374 310 3417 ad
340 3384 470 3415 unum
499 3382 643 3416 omnes
671 3373 817 3415 edunt:
2591 3375 2594 3378 ’
