2930 3880
1398 454 1447 492 19

223 575 528 628 superscriptas
560 584 661 615 esse.
707 570 836 614 Nulla
860 573 902 615 in
931 572 1009 615 hac
1040 585 1085 616 re
1115 573 1363 623 differentia,
1394 575 1437 616 et'
1455 571 1666 616 Mediceus
1694 570 1876 614 refertus
1907 571 2149 614 huiusmodi
2178 573 2297 625 vitiis,
2320 586 2427 627 quae
2446 578 2611 618 mature

171 689 177 694 .
223 651 444 701 poetarum
479 644 657 687 maxime
686 644 811 686 verba
842 648 1165 688 commutarunt.
1221 646 1463 688 memineris
1495 648 1660 689 tantum
1689 644 1797 687 initii
1826 644 2081 686 Persarum:
2114 642 2396 701 Δαρειογενὴς
2425 645 2610 701 Δαρείου

228 715 334 770 υἱός.
369 744 416 750 -
444 718 583 760 Etiam
614 716 657 758 in
685 714 834 770 fragm.
865 730 901 759 v.
935 720 1016 760 499
1044 731 1157 772 seqq.
1189 719 1301 772 quod
1334 719 1451 762 codd.
1483 719 1667 772 Theogn.
1694 717 1872 760 habent:

750 784 817 832 Ἐν
849 792 955 846 πυρὶ
984 791 1062 845 μὲν
1091 788 1249 846 χρυσόν
1279 807 1325 833 τε
1355 790 1425 832 καὶ
1458 787 1643 845 ἄργυρον
1671 786 1807 844 ἴδριες
1835 789 1987 843 ἄνδρες

807 861 1070 919 γινα’σκουσ’,
1102 859 1258 918 ἀνδρὸς
1284 863 1320 905 δ’
1351 857 1468 912 οἶνος
1499 859 1636 915 ἔδειξε
1666 858 1780 909 νόον,

752 937 823 978 καὶ
847 933 961 990 μάλα
988 952 1072 990 περ
1103 923 1298 989 φιινυτσῦ,
1328 931 1404 977 τὸν
1431 930 1539 988 ὑπὲρ
1568 933 1727 988 μέτρον
1753 935 1888 989 ἤρατο
1929 932 2081 987 πίνων,

809 1005 921 1051 ὥστε
950 1010 1224 1060 καταισχῦναι
1253 1007 1323 1049 καὶ
1358 1005 1454 1060 πρὶν
1484 1003 1609 1048 ἐόντα
1636 1003 1789 1061 σοφόν.

223 1084 266 1124 et
295 1082 407 1135 quod
438 1081 665 1125 Stobaeus:

724 1159 726 1161 ’
753 1150 865 1196 ὥστε
895 1156 1172 1206 καταισχῦναι
1200 1150 1276 1196 τὸν
1306 1154 1410 1207 πρὶν
1440 1149 1564 1195 ἐόντα
1590 1150 1745 1209 σοφόν.

224 1227 283 1269 sic
312 1227 602 1280 coniungenda
631 1239 722 1270 esse
753 1227 966 1269 videntur:

757 1296 868 1342 ὥστε
895 1299 966 1341 καὶ
993 1297 1186 1351 αἰσχῦναι
1215 1296 1291 1340 τὸν
1320 1298 1424 1353 πρὶν
1453 1294 1577 1340 ἐόντα
1605 1298 1758 1355 σοφόν.

224 1372 268 1425 (i.
294 1386 329 1414 e.
362 1368 475 1414 ὥστε
504 1367 694 1424 αἰσχῦναι
728 1371 798 1414 καὶ
823 1367 900 1413 τὸν
927 1370 1031 1424 πρὶν
1062 1366 1187 1414 ἐόντα
1216 1368 1368 1427 σοφόν.
1417 1375 1654 1423 utrumque,
1685 1373 1728 1414 et
1757 1370 1827 1412 καί
1857 1375 1899 1414 et
1927 1369 2013 1423 τόν,
2046 1375 2336 1417 necessarium,
2387 1379 2610 1429 postquam

225 1456 365 1487 errore
395 1444 565 1498 proclivi
594 1444 867 1496 καταισχῦναι
897 1444 1098 1497 seriptum
1128 1448 1207 1496 est,
1236 1443 1308 1487 alii
1339 1443 1409 1485 καὶ
1436 1443 1547 1496 quod
1574 1444 1855 1486 necessarium
1886 1456 1976 1488 esse
2001 1446 2237 1489 sentiebant
2263 1448 2522 1501 scripserunt
2534 1460 2610 1502 pro

165 1522 168 1526 '
224 1515 413 1568 arficulo,
444 1528 568 1569 quem
602 1516 674 1558 alii
700 1516 952 1569 servarunt).

355 1746 435 1790 Sed
462 1747 504 1789 in
532 1748 608 1790 hoo
638 1747 834 1791 vitiorum
866 1748 1102 1804 labyrintho
1131 1748 1287 1791 diutius
1322 1747 1571 1791 commorari
1603 1747 1726 1791 hodie
1755 1759 1838 1790 non
1869 1748 1988 1791 lieet:
2015 1750 2324 1800 properandum
2353 1752 2490 1793 estad
2519 1764 2608 1796 rem

223 1820 345 1873 longe
373 1821 621 1873 graviorem.

354 1954 639 2004 Indieenda
688 1956 823 2022 enim
877 1966 991 2006 sunt
1023 1959 1302 2019 sollemnia,
1355 1959 1536 2023 quibus
1587 1960 1675 2023 qui
1710 1960 1861 2008 instat
1912 1960 2019 2010 dies
2061 1977 2174 2008 oum
2212 1964 2475 2013 universae
2517 1983 2606 2028 pa-

224 2038 350 2087 triae
387 2047 495 2086 tum
531 2038 650 2087 huie
680 2039 964 2090 litterarum
999 2042 1316 2091 universitati
1362 2043 1528 2091 festus
1570 2058 1828 2106 sacerque,
1879 2042 2079 2093 REGIS
2116 2042 2606 2098 AVGVSTISSIMI

226 2121 564 2172 GVILELMI
599 2121 626 2169 I
660 2123 855 2186 natalis,
889 2124 1094 2187 publice
1130 2124 1575 2174 concelebrabitur.
1622 2125 1682 2172 Et
1718 2125 1998 2174 eommunis
2033 2134 2234 2175 nostrae
2270 2132 2605 2182 venerationis

223 2202 473 2266 interpres
510 2203 604 2251 erit
637 2205 717 2253 vir
751 2205 1115 2257 illustrissimus
1141 2215 1480 2259 FRANCISOVS
1513 2215 1791 2259 HENRICVS
1821 2201 2042 2259 REVSCH
2063 2209 2245 2257 Rector
2269 2211 2603 2263 universitatis

225 2284 540 2349 magnificus.
579 2286 644 2334 ad
665 2288 806 2336 ouius
844 2290 1124 2339 orationem
1160 2290 1469 2339 audiendam
1505 2290 1660 2355 ipsius
1687 2290 2000 2355 illustrisque
2018 2291 2229 2341 Senatus
2259 2296 2463 2346 nomine
2487 2315 2602 2361 per-

224 2367 473 2418 illustrem
511 2370 847 2419 universitatis
888 2373 1201 2436 Curatorem,
1256 2373 1569 2438 professores
1619 2382 1667 2423 et
1714 2373 1945 2423 doctores
1982 2373 2333 2440 amplissimos,
2384 2379 2597 2430 clarissi-

224 2467 348 2512 mos,
389 2451 757 2525 commilitones
794 2455 1151 2518 ornatissimos,
1205 2459 1525 2521 magistratus
1574 2474 1686 2505 oum
1724 2457 1890 2520 regios
1925 2464 2032 2504 tum
2068 2457 2271 2508 urbicos
2303 2464 2602 2525 spectatissi-

226 2548 336 2579 mos
370 2541 420 2580 et
457 2534 764 2600 quicumque
801 2539 949 2587 rebus
986 2541 1167 2588 nostris
1210 2541 1338 2589 bene
1374 2541 1564 2602 volunt,
1614 2557 1673 2588 ea
1711 2556 1810 2605 qua
1843 2557 1936 2603 par
1972 2547 2044 2587 est
2079 2541 2396 2593 observantia
2432 2546 2602 2597 invito.
