2930 3880
1391 362 1440 402 17

222 481 303 525 Pro
332 478 446 525 ἰ’διον
475 481 687 526 Porsonus
715 480 896 544 δίκαιον·
915 483 1113 535 correxit,
1156 493 1234 537 pro
1262 474 1368 523 αὐτὸ
1397 477 1448 523 τὸ
1478 481 1618 536 κτῆμα
1649 480 1719 524 alii
1751 481 2017 525 coniecerunt
2045 477 2150 525 αὐτὸ
2180 485 2333 539 κτῆμα,
2367 485 2478 537 quod
2504 484 2605 528 Mei·

220 554 368 598 nekius
396 554 628 607 damnavit,
663 553 881 598 Nauckius
911 549 1173 610 αὗτόχρημα,
1211 564 1294 607 quo
1321 553 1442 597 lusus
1469 553 1692 597 verborum
1723 552 1987 608 extinguitur
2012 554 2099 596 sine
2127 554 2251 597 dubio
2282 555 2334 598 ab
2363 556 2451 609 ipso
2480 560 2608 609 poeta

220 626 444 680 profectus.
472 638 573 680 ergo
601 623 653 668 τὸ
683 627 824 683 κτῆμα
850 626 1093 680 tenendum,
1121 630 1305 670 metrum
1333 625 1656 678 restituendum,
1686 628 1730 668 et
1756 628 1978 680 praeterea
2006 621 2153 679 μόνον,
2187 626 2297 679 quod
2325 629 2517 680 quamvis
2533 641 2608 682 per

138 708 144 711 ’
221 709 266 740 se
295 710 439 741 verum
472 697 529 740 ab
554 697 632 740 hoc
661 698 752 741 loco
781 697 962 741 alienum
993 702 1071 751 est,
1117 698 1432 753 corrigendum:

747 770 883 824 χαίρω
912 771 950 813 σ’
981 766 1100 826 ὁρῶν
1127 771 1397 827 φθονοῦντα,
1428 769 1544 811 τοῦτ’
1579 764 1719 821 εἰδώς,
1748 764 1813 811 ὅτι

748 839 796 886 ’ἓν
823 842 907 902 δρᾷ
933 842 1012 897 μὲν
1041 833 1117 884 οὖν
1145 841 1311 885 δίκαιον
1338 831 1399 883 ὦν
1430 843 1554 883 ποιεῖ
1582 838 1774 898 φθόνος·

747 915 880 958 λυπεῖ
910 912 989 971 γὰρ
1016 905 1070 957 αὖ
1099 912 1151 958 τὸ
1180 916 1319 972 κτῆμα
1346 910 1449 965 τούς
1478 913 1774 970 κεκτημένους.

355 1059 405 1101 In
434 1059 628 1102 omnibus
664 1059 716 1102 de
750 1058 904 1111 quibus
941 1057 1024 1100 huc
1057 1068 1190 1109 usque
1223 1057 1390 1101 loeutus
1428 1070 1522 1101 sum
1558 1059 1662 1102 locis
1702 1059 1913 1113 scriptura
1939 1059 2122 1113 genuina
2161 1059 2311 1102 calami
2349 1071 2492 1103 errore
2522 1072 2609 1103 cor-

221 1135 348 1186 rupta
376 1136 483 1175 erat.
534 1130 683 1185 quibus
718 1143 856 1185 pauca
887 1129 1039 1172 addam
1071 1129 1122 1172 de
1155 1129 1257 1172 locis
1293 1129 1643 1182 interpretatione
1680 1131 1868 1173 mutatis.
1927 1130 2097 1174 Etenim
2129 1142 2182 1174 ex
2209 1143 2366 1186 magna
2395 1132 2607 1175 variarum

218 1204 446 1247 lectionum
476 1202 700 1257 farragine,
742 1213 868 1255 quam
898 1202 998 1243 ante
1025 1200 1166 1243 oculos
1195 1199 1400 1243 habemus
1428 1201 1472 1243 in
1501 1201 1712 1244 codicibus
1742 1201 2032 1256 TheognideiS,
2067 1202 2180 1256 apud
2210 1202 2450 1255 Stobaeum,
2481 1204 2609 1246 Athe·

219 1287 371 1318 naeum
398 1275 638 1327 multosque
669 1274 775 1317 alios
805 1273 1032 1327 scriptores
1060 1272 1156 1315 inde
1185 1283 1211 1313 a
1240 1270 1417 1315 Platone
1445 1275 1488 1315 et
1517 1273 1756 1324 Aristotele,
1800 1285 1826 1315 a
1854 1274 2007 1326 quibus
2045 1274 2235 1328 singulae
2271 1274 2397 1319 huius
2428 1275 2611 1330 sylloges

218 1348 451 1391 sententiae
479 1347 741 1399 adferuntur,
786 1346 896 1389 sicut
927 1345 1076 1387 calami
1111 1356 1274 1388 errores
1303 1345 1364 1387 ita
1393 1345 1521 1388 etiam
1550 1345 1652 1388 vitia
1680 1345 2066 1400 interpretamentis
2101 1346 2322 1401 adscriptis
2351 1351 2454 1391 nata
2485 1348 2610 1390 corri-

218 1420 356 1474 genda
384 1422 495 1471 sunt,
524 1419 776 1471 ubicumque
800 1418 988 1462 locorum
1017 1416 1201 1471 genuina
1226 1417 1507 1470 reperiantur.
1538 1416 1587 1459 In
1616 1420 1798 1471 utraque
1828 1422 1949 1471 parte
1979 1418 2109 1461 codex
2129 1419 2377 1463 Mutinensis
2406 1423 2610 1472 praestat,

217 1492 279 1535 ita
307 1494 451 1534 tamen
479 1494 528 1533 ut
555 1502 640 1533 non
669 1492 812 1533 careat
840 1488 1059 1542 utriusque
1088 1489 1254 1542 generis
1283 1488 1408 1531 vitiis.
1446 1488 1497 1530 In
1527 1487 1630 1530 locis
1659 1499 1741 1530 non
1771 1488 1917 1540 paucis
1946 1490 2058 1532 solus
2087 1493 2202 1533 recte
2230 1490 2389 1543 scripta
2417 1490 2608 1543 praebet,

218 1575 327 1617 quae
365 1563 465 1606 alibi
506 1562 657 1606 calami
684 1561 897 1605 erroribus
936 1564 1138 1614 corrupta
1166 1563 1278 1613 sunt,
1321 1564 1371 1603 ut
1401 1560 1443 1601 in
1474 1569 1512 1600 V.
1531 1558 1583 1599 56
1612 1557 1745 1612 τῆσδε
1775 1553 1939 1609 πόλεος
1965 1571 2041 1613 pro
2069 1555 2193 1616 τήνδε
2223 1555 2368 1612 πόλιν,
2399 1560 2440 1602 in
2470 1573 2508 1602 v.
2526 1562 2608 1602 218

217 1635 412 1690 κρέσσων
442 1645 519 1688 pro
548 1628 771 1689 κραιπνόν,
815 1644 853 1674 V.
875 1633 956 1674 228
984 1631 1084 1685 βίον
1112 1643 1189 1685 pro
1220 1628 1336 1685 νόον,
1372 1644 1410 1675 v.
1442 1631 1522 1671 245
1560 1623 1668 1671 ἀλλὰ
1701 1627 1903 1686 μελήσεις
1936 1643 2012 1685 1)Υο
2051 1626 2153 1674 οὕδέ
2189 1647 2236 1687 γε
2265 1632 2423 1688 λήσεις,
2459 1645 2497 1675 v.
2527 1634 2608 1675 269

218 1707 454 1762 ἐπίμυκτος
481 1719 558 1760 1)Υο
587 1704 827 1760 ἐπίμικτος,
863 1717 902 1748 v.
928 1707 1007 1749 301
1038 1701 1258 1759 ἆρπαλέος
1284 1715 1360 1757 pro
1390 1698 1609 1758 ἀργαλέος,
1647 1716 1684 1746 v.
1705 1705 1787 1745 349
1817 1702 1973 1758 ὄροιτσ
1993 1716 2070 1758 pro
2103 1696 2267 1759 ὄροιτο,
2298 1717 2337 1746 v.
2362 1706 2440 1746 386
2470 1700 2606 1759 παρά-

216 1793 280 1833 γει
307 1789 383 1832 1)Γο
413 1773 616 1832 προάγει,
655 1789 694 1819 v.
717 1779 797 1820 395
825 1773 879 1818 τὰ
907 1776 1051 1819 δίκαια
1079 1777 1237 1833 φρονεῖ
1271 1787 1348 1829 1)Γο
1375 1774 1412 1816 τ’
1442 1773 1568 1817 ἄδικα
1596 1773 1786 1831 φρονέει,
1829 1787 1869 1817 v.
1889 1777 1970 1818 497
2003 1771 2116 1830 ἔγχει
2153 1787 2229 1830 pro
2260 1775 2308 1818 δὲ
2338 1773 2423 1829 ἔχε,
2467 1789 2505 1819 v.
2527 1779 2608 1819 543

216 1846 415 1905 γνώμονα
445 1861 522 1903 pro
561 1844 745 1904 γνώμην,
788 1845 837 1892 v.'
854 1851 936 1891 584
970 1849 1058 1890 τῶν
1094 1844 1264 1904 φυλακή
1299 1859 1376 1900 1)Υο
1406 1848 1459 1906 τῇ
1494 1847 1676 1906 φυλακῇ,
1726 1861 1764 1890 v.
1795 1849 1873 1890 641
1914 1847 1951 1889 κ’
1992 1844 2150 1903 εἰδείης
2186 1860 2264 1901 pro
2302 1845 2428 1902 κήδει
2466 1845 2489 1890 ὁ
2528 1841 2608 1902 εἷς,

216 1936 254 1965 v.
282 1925 379 1965 763-
394 1917 597 1976 ὅρθώσαι
627 1934 704 1976 1)Γο
733 1915 979 1976 ἀρθρώσαι,
1009 1933 1048 1963 v,
1069 1923 1150 1963 803
1177 1919 1373 1974 κέρδεσιν
1402 1916 1532 1962 εἴκων
1560 1932 1636 1974 pro
1668 1919 1844 1974 κέρδεος
1870 1913 1992 1970 εἶναι,
2021 1932 2060 1962 v.
2081 1921 2161 1963 835
2193 1916 2315 1963 δειλοὶ
2346 1932 2422 1973 pro
2451 1916 2607 1972 πολλά,

215 2008 254 2038 v.
276 1998 356 2039 859
388 1991 580 2050 παυράκι
607 2007 684 2049 1)Υο
715 1990 913 2046 πολλάκι,
945 2006 984 2036 V.
1006 1996 1085 2036 877
1117 1983 1171 2034 αὖ
1200 2005 1276 2046 1)Υο
1305 1987 1368 2045 ἷὶν,
1398 2004 1437 2034 v.
1458 1994 1564 2033 1049
1594 1989 1737 2047 πατὴρ
1766 1979 1848 2044 1)Γὸ
1864 1989 1993 2047 φίλῳ,
2029 2003 2066 2033 v.
2093 1993 2199 2033 1053
2227 1990 2498 2044 μαινομένων
2527 1990 2608 2033 πέ-

199 2083 334 2110 τεται
363 2080 441 2121 pro
469 2066 752 2122 μαρναμένων
779 2062 977 2121 μάχεται,
1017 2078 1055 2108 v.
1077 2067 1185 2107 1198
1215 2059 1377 2119 ἀρότου
1412 2075 1489 2119 pro
1517 2056 1717 2118 ἀρότρου.
1779 2063 1828 2106 In
1859 2063 1956 2106 aliis
1985 2063 2086 2107 locis
2117 2067 2160 2107 et
2190 2056 2284 2117 ipse'
2313 2064 2399 2106 Sive
2428 2076 2482 2107 ex
2511 2064 2608 2107 aliis

215 2140 492 2194 scriptoribus
521 2139 757 2192 corrigitur,
795 2142 845 2181 ut
873 2150 924 2181 ex
953 2138 1181 2182 Aristotele
1211 2137 1254 2180 in
1283 2149 1320 2180 v.
1344 2138 1423 2179 125
1457 2129 1509 2178 οὗ
1536 2132 1616 2191 γὰρ
1645 2130 1701 2178 ἂν
1731 2132 1889 2190 εἰδείης
1913 2148 1990 2190 pro
2019 2129 2120 2178 οὐδὲ
2148 2131 2226 2190 γὰρ
2255 2133 2424 2191 εἰδείης,
2466 2148 2503 2178 v.
2526 2137 2605 2178 177

216 2213 303 2263 πᾶς
328 2209 411 2267 γὰρ
435 2206 545 2267 ἀνὴς
572 2223 649 2266 pro
678 2210 749 2253 καὶ
777 2210 854 2266 γὰρ
883 2205 1006 2266 ἀνήρ,
1037 2223 1077 2253 v.
1105 2212 1186 2253 227
1215 2202 1394 2262 ἀνδράσι
1423 2210 1574 2261 κεῖται,
1603 2207 1715 2262 quod
1744 2208 1871 2250 etiam
1904 2219 1970 2261 ap.
1991 2206 2106 2251 Stob.
2135 2208 2301 2262 legitur,
2332 2219 2407 2261 pro
2433 2202 2606 2263 ἀνθρώ-

216 2298 378 2335 ποισιν,
424 2284 513 2327 Sive
550 2283 679 2326 etiam
711 2296 734 2327 e
762 2284 933 2336 reliquis
963 2283 1080 2326 codd.
1113 2281 1354 2335 Theognid.,
1397 2284 1447 2324 ut
1473 2280 1516 2323 in
1545 2293 1582 2322 V.
1603 2281 1695 2334 151,
1733 2279 1802 2322 ubi
1843 2281 2022 2334 πρῶτον
2060 2281 2176 2335 κακῷ
2211 2273 2334 2333 ἀνδρὶ
2371 2280 2501 2324 habet
2528 2293 2606 2334 pro

216 2358 394 2411 πρῶτον
425 2352 558 2398 κακὸν
586 2350 721 2410 ἀνδρί,
760 2368 799 2398 v.
823 2357 900 2398 169
933 2349 958 2397 ὃ
986 2353 1034 2397 δὲ
1063 2366 1141 2408 1)Υο
1172 2347 1221 2397 ὃν
1250 2352 1311 2407 δέ,
1349 2365 1386 2395 V.
1408 2354 1488 2395 203
1519 2350 1637 2406 θυμὲ
1665 2363 1740 2405 pro
1771 2346 1929 2405 Κύρνε,
1963 2363 2002 2393 V.
2021 2353 2100 2394 297
2131 2347 2296 2402 πάντας
2324 2365 2401 2406 pro
2430 2350 2602 2406 πάντες,

217 2442 254 2471 v.
275 2431 355 2471 305
385 2424 547 2478 πάντες
576 2439 654 2481 pro
682 2423 870 2482 πάντως,
899 2439 937 2469 V.
960 2428 1039 2469 381
1070 2422 1190 2476 ὅστις
1218 2436 1295 2479 pro
1324 2423 1428 2476 ἐστί,
1457 2437 1494 2467 v.
1516 2426 1596 2466 491
1628 2420 1850 2466 αἰνεῖσθαι
1879 2435 1955 2477 1)Υο
1984 2417 2227 2478 ἀρνεῖσθαι,
2257 2437 2294 2466 v,
2318 2427 2398 2466 684
2420 2425 2606 2477 χαλεποὶ

214 2511 292 2554 pro
318 2499 499 2558 χαλεπῇ,
528 2512 566 2543 v.
586 2501 665 2542 697
698 2495 750 2542 οὗ
778 2511 854 2554 1)Υο
884 2490 944 2550 εὖ,
977 2511 1015 2541 v.
1033 2500 1115 2541 910
1144 2493 1272 2553 τύχην
1298 2508 1375 2550 pro
1405 2492 1564 2552 ψυχήν,
1593 2507 1631 2538 v.
1656 2498 1762 2538 1038
1791 2494 1939 2537 θέλων
1966 2508 2044 2550 1)Υο
2075 2497 2210 2550 θεῶν,
2240 2510 2279 2539 v.
2305 2499 2408 2539 1201
2441 2493 2606 2554 ἡνίοχοι

216 2584 292 2626 pro
329 2568 518 2627 ἡμίονοι.
573 2571 640 2614 Ita
676 2572 802 2614 etiam
832 2573 875 2614 in
909 2571 1011 2613 lociS
1039 2570 1250 2613 nonnullis
1289 2569 1471 2623 genuina
1498 2567 1682 2612 servavit
1711 2579 1819 2621 quae
1847 2567 1948 2610 alibi
1978 2569 2348 2621 grammaticorum
2379 2581 2506 2623 opera
2534 2570 2603 2613 de-

150 2694 155 2700 ·
215 2647 396 2697 pravata
424 2646 536 2686 sunt.
584 2642 678 2684 Non
706 2643 854 2695 loquor
882 2641 934 2684 de
962 2642 1024 2694 iis,
1069 2653 1178 2694 quae
1209 2652 1382 2695 prorsus
1412 2651 1464 2682 ex
1494 2639 1667 2683 libidine
1702 2643 1964 2683 commutata
1999 2640 2210 2694 leguntur,
2254 2642 2485 2684 cuiusmodi
2520 2654 2603 2685 non

214 2728 350 2770 pauca
391 2714 504 2768 apud
548 2713 774 2757 Stobaeum
812 2714 996 2756 maxime
1034 2713 1315 2767 reperiunt-ur,
1359 2712 1430 2754 ubi
1463 2713 1529 2755 vel
1571 2712 1831 2765 ineptissima
1852 2712 2004 2774 'inlata
2044 2716 2144 2755 sunt
2174 2712 2240 2767 (ut
2272 2713 2315 2755 in
2336 2726 2372 2755 v.
2395 2715 2487 2765 183,
2531 2715 2602 2757 ubi

215 2788 387 2830 remotis
415 2786 619 2830 arietibus
656 2786 871 2839 asinisque
907 2797 1033 2829 canes
1070 2786 1245 2828 immissi
1281 2788 1378 2828 sunt
1408 2796 1461 2826 ne
1489 2787 1623 2826 metro
1653 2784 1819 2837 quidem
1851 2783 2124 2828 sufficientes:
2183 2780 2310 2835 κύνας
2337 2785 2415 2839 μὲν
2444 2782 2495 2843 δὴ
2525 2787 2607 2827 νῶϊ

215 2856 431 2916 διζήμεθα
462 2874 500 2902 κ.
529 2875 568 2901 τ.
598 2858 647 2911 λ.,
685 2859 765 2902 vel.
796 2870 835 2900 v.
864 2861 985 2911 1129,
1030 2858 1102 2901 ubi
1142 2857 1196 2899 ad
1237 2857 1480 2899 evitandum
1502 2855 1760 2903 ¹vocabulum
1801 2856 2024 2899 obscurum
2069 2857 2188 2900 initio
2230 2870 2376 2900 versus
2418 2860 2601 2910 positum

216 2925 317 2973 οὐδέ
344 2946 390 2986 γε
422 2927 508 2987 μήν
542 2931 690 2984 inepte
725 2931 928 2984 scriptum
957 2933 1059 2983 est);
1100 2941 1237 2983 neque
1273 2930 1401 2972 etiam
1433 2940 1485 2972 ea
1513 2941 1623 2972 nunc
1651 2928 1754 2980 dico,
1799 2940 1909 2982 quae
1938 2932 2015 2971 aut
2042 2941 2094 2972 ex
2126 2930 2328 2972 memoria
2356 2930 2441 2972 sive
2473 2930 2601 2973 etiam

215 3003 406 3047 variandi
447 3004 677 3057 cupiditate
713 3015 796 3047 non
834 3004 1036 3047 adcurate
1078 3001 1326 3045 adferuntur
1367 3004 1443 3044 aut
1477 3013 1503 3043 a
1538 3000 1814 3053 scriptoribus
1855 2999 2079 3054 unicuique
2117 3001 2158 3042 in
2186 3013 2269 3054 quo
2296 3001 2603 3045 adhibebantur

216 3077 307 3120 loco
342 3075 666 3136 adcommodata
695 3079 806 3119 sunt.
857 3087 965 3129 quae
1004 3074 1228 3128 singularis
1262 3072 1566 3117 sententiarum
1604 3073 1886 3115 communium
1917 3084 1966 3115 ac
1993 3077 2327 3126 praeceptorum,
2371 3085 2423 3115 ex
2450 3073 2601 3126 quibus

214 3148 320 3192 haec
345 3147 586 3202 fragmenta
619 3149 849 3191 maximam
885 3151 1050 3202 partem
1084 3146 1316 3200 composita
1344 3148 1455 3201 sunt,
1486 3149 1552 3189 est
1579 3145 1765 3188 libertas.
1822 3145 1886 3187 Ab
1914 3145 1979 3188 his
2007 3146 2198 3189 omnibus
2234 3149 2278 3188 et
2307 3146 2474 3189 diversa
2502 3150 2602 3190 sunt

215 3222 260 3262 et
291 3207 515 3262 internosci
555 3218 803 3272 plerumque
839 3222 1015 3272 possunt
1053 3218 1106 3269 (si
1143 3216 1311 3269 quidem
1347 3217 1720 3270 grammaticorum
1757 3229 1916 3260 morem
1951 3218 2212 3272 noverimus)
2242 3230 2303 3269 ea,
2344 3231 2451 3271 quae
2481 3222 2530 3262 ut
2557 3220 2600 3262 in

216 3291 491 3346 genuinorum
517 3290 655 3333 locum
683 3290 923 3343 inreperent
953 3290 1229 3344 interpretum
1259 3288 1469 3331 industria
1497 3301 1644 3332 ansam
1674 3290 1799 3337 dedit.
1830 3289 1998 3343 Reliqui
2024 3289 2185 3333 codices
2209 3290 2463 3344 Theognidei
2491 3291 2600 3345 glos-

214 3365 377 3406 semata
411 3361 582 3415 habent,
619 3362 691 3405 ubi
717 3360 968 3406 Mutinensis
996 3362 1178 3416 genuina
1208 3360 1403 3414 servavit,
1439 3362 1482 3404 in
1513 3374 1550 3404 v.
1578 3364 1655 3404 163
1685 3363 1803 3418 κακῷ
1834 3365 1878 3406 et
1904 3358 2057 3419 φαύλῳ
2087 3373 2163 3415 pro
2190 3362 2333 3418 δειλῷ,
2362 3375 2398 3405 v.
2419 3364 2498 3404 393
2527 3362 2600 3405 λυ-

2177 3437 2197 3470 3
