2930 3880
1466 363 1524 409 11

305 509 410 542 esse.
440 496 522 540 Sed
550 499 694 539 tamen
723 494 850 536 etiam
878 492 1029 535 calami
1057 503 1200 535 errore
1226 491 1355 535 haece
1382 492 1562 545 ineptiae
1592 491 1693 534 oriri
1716 493 1926 544 poterant.
1963 490 2022 532 Et
2046 491 2226 544 primum
2257 493 2436 546 quidem,
2464 495 2498 537 si
2526 499 2688 539 certum

304 573 415 614 esset
452 568 580 612 verba
619 567 693 610 illa
727 567 780 609 de
814 565 892 607 diis
930 565 1042 607 dicta
1072 563 1214 616 fuisse,
1245 564 1351 607 sumi
1380 565 1528 618 possit4
1556 563 1773 607 librarium
1801 563 1938 606 verbis
1968 558 2099 620 νόσφι
2136 560 2382 617 μεριμνάων
2408 558 2689 622 εὖφροσύνως

303 639 465 697 διάγειν
491 640 705 682 inductum
734 635 1031 691 τερπομένους
1058 637 1209 690 legisse
1237 648 1313 690 pro
1340 635 1664 693 παρφαμένους,
1690 635 1787 679 dein
1814 639 1910 689 post
1930 670 1939 678 .
1961 669 1971 678 .
1991 635 2148 690 μένους
2177 635 2351 678 similem
2379 648 2521 680 vocem
2550 636 2692 691 θεοὺς

303 714 504 764 omisisse,
528 723 638 753 nunc
658 711 800 752 autem
820 711 992 764 propter
1010 714 1191 752 metrum
1220 708 1350 764 τηλοῦ
1379 723 1426 751 τε
1455 705 1586 759 κακὰς
1617 701 1707 750 ἀπὸ
1734 709 1869 763 κῆρας
1896 701 2053 761 ἀμῦναι
2081 708 2295 762 scripsisse
2321 720 2396 760 pro
2423 709 2527 764 τῆλε
2555 708 2690 762 κακὰς

302 780 392 827 eino*
432 785 565 839 κῆρας
602 776 779 836 ἆμῦναι;
826 779 1138 838 παρφαμένους
1175 777 1324 834 θεοὺς,
1364 780 1468 836 τῆλε
1497 777 1628 830 κακὰς
1657 774 1746 822 ἀπὸ
1775 781 1906 837 κῆρας
1936 774 2092 834 ἀμῦναι
2118 775 2253 836 γῆράς
2280 779 2315 820 τ’
2349 774 2587 833 οὐλόμενον
2615 782 2687 825 καὶ

302 852 515 899 θανάτοιο
544 853 680 904 τέλος.
725 853 797 896 sed
828 865 881 895 ne
912 865 1016 906 opus
1044 853 1212 905 quidem
1232 859 1314 895 est-
1352 856 1471 896 tanto
1511 852 1742 895 molimine:
1785 852 1913 895 verba
1953 855 2153 906 corrupta
2191 852 2422 894 hominibus
2458 854 2687 906 aptissima,

302 927 528 971 dummodo
554 920 808 969 ‘defendere'
839 926 1163 968 converterimus
1191 926 1234 968 in
1260 918 1492 968 ‘detestari'
1520 924 1544 966 i.
1565 936 1599 966 e.
1629 918 1849 978 ἀπαμῦναι
1875 925 1916 966 in
1943 918 2196 979 ἆπομόσσαι
2225 923 2343 979 (Hes.
2373 918 2691 979 οἷπομνὺμενοι,

302 995 627 1053 ἀποβάλλοντες
659 997 712 1040 δι’
745 994 900 1051 ὅρκων.
930 998 1026 1039 huic
1055 998 1171 1041 verbi
1199 998 1241 1039 vi
1268 997 1399 1052 τηλοῦ
1426 1008 1508 1038 non
1540 997 1677 1038 minus
1707 1001 1852 1049 aptum
1878 1009 2004 1051 quam
2032 996 2158 1040 verbo
2186 989 2439 1052 ἀπαμῦναι).
2470 997 2548 1040 hoc
2576 1001 2690 1040 certe

263 1061 268 1067 ’
301 1073 474 1115 librario
503 1071 724 1114 somnianti
753 1069 880 1112 tribui
910 1073 1059 1122 potest,
1092 1071 1307 1124 scripsisse
1333 1069 1453 1111 illum
1479 1071 1578 1122 post
1606 1067 1738 1122 τηλοῦ
1765 1069 1832 1111 hic
1861 1081 2039 1122 quoque,
2070 1070 2181 1122 quod
2203 1070 2436 1113 sexcenties
2463 1070 2617 1122 legitur
2637 1069 2689 1112 de

305 1144 383 1188 diis
418 1143 576 1187 Scilicet
600 1143 758 1185 dictum
790 1142 855 1195 (cf.
885 1155 923 1184 V.
958 1144 1007 1184 13
1037 1141 1252 1196 εὐχομένῳ
1280 1157 1358 1195 μοι
1388 1140 1534 1192 κλῦθι,
1563 1136 1694 1189 κακὰς
1723 1140 1759 1181 δ’
1793 1134 1881 1183 ἀπὸ
1913 1143 2044 1198 κῆρας
2075 1134 2271 1195 όὲλαλκε);

831 1205 904 1256 ‹56’
936 1210 1002 1268 εἴη
1030 1228 1103 1254 κεν
1130 1205 1323 1266 ἄμεινον·
1353 1208 1580 1268 ὁμόφρονα
1607 1210 1755 1265 θυμόν
1786 1210 1962 1264 ἔχοντας

887 1282 1017 1342 νόσφι
1044 1276 1294 1339 μεριμνάων
1322 1280 1603 1340 εὐφροσύναις
1632 1280 1792 1338 διάγειν

829 1357 1125 1412 ’τερπομένους
1152 1357 1283 1413 τηλοῦ
1313 1372 1358 1398 τε
1387 1354 1519 1406 κακὰς
1548 1350 1639 1398 ἆπό
1669 1357 1803 1411 κῆρας
1832 1350 2019 1410 ὀμόσσαι

885 1427 1016 1488 γῆράς
1045 1429 1081 1471 τ’
1114 1422 1349 1483 οὐλόμενον
1379 1429 1451 1470 καὶ
1480 1425 1693 1470 θανάτοιο
1725 1428 1858 1479 τέλος.

303 1506 555 1549 obscuriora
587 1507 685 1546 sunt
711 1504 752 1544 in
781 1502 930 1555 fragm.
962 1515 1000 1544 v.
1036 1504 1115 1543 267
1137 1513 1273 1554 seqq.:

829 1571 975 1631 Γνωτή
1007 1589 1075 1616 τοι
1107 1573 1235 1629 πενίη
1263 1589 1309 1628 γε
1341 1573 1410 1615 καὶ
1436 1567 1638 1628 ἄλλοτρίη
1671 1589 1755 1627 περ
1786 1573 1936 1616 ἐοῦσα·

870 1639 1090 1702 ὀὔτεγὰρ
1120 1644 1183 1697 εἷς
1210 1640 1369 1703 ἆγορὴν
1399 1643 1569 1699 ἔρχεται
1600 1639 1699 1688 οἷὶτε
1729 1646 1872 1698 δίκας·

829 1716 969 1776 πάντῃ
1000 1716 1077 1774 γὰρ
1107 1711 1348 1760 τοῦλασσον
1378 1715 1478 1771 ἔχει,
1511 1715 1652 1775 πάντῃ
1683 1719 1718 1760 δ’
1749 1705 1995 1773 ἐπίμυκτος,

885 1789 1027 1848 πάντῃ
1057 1791 1093 1834 δ’
1125 1787 1261 1847 ἐχθρὴ
1291 1787 1411 1844 ὁμῶς
1441 1790 1612 1845 γίνεται,
1646 1789 1758 1833 ἔνθα
1787 1807 1871 1845 περ
1900 1783 1939 1850 ᾗ.

300 1867 428 1912 verba
458 1867 608 1922 prima,
639 1860 690 1909 de
721 1865 870 1918 quibus
900 1864 1049 1907 melius
1078 1875 1180 1906 sane
1207 1862 1393 1906 iudicare
1421 1875 1651 1916 possemus,
1691 1865 1726 1907 si
1756 1857 1866 1917 quae
1894 1865 2202 1919 praecedebant
2237 1867 2312 1910 sub
2345 1869 2475 1913 oculis
2513 1871 2685 1916 habere-

299 1953 406 1983 mus.
455 1939 547 1981 Non
579 1938 727 1981 tacebo
754 1940 896 1980 tamen
929 1935 1040 1990 quod
1069 1937 1214 1978 sentio.
1259 1936 1363 1978 Cum
1393 1935 1528 1978 verbis
1558 1928 1656 1977 οἵτε
1689 1932 1766 1990 γὰρ
1797 1934 1859 1987 εἷς
1888 1931 2054 1992 α’γορήν
2085 1935 2254 1991 ἔρχεται
2283 1933 2383 1982 οὔτε
2412 1941 2530 1994 δίκας
2559 1945 2685 1997 signi-

298 2013 415 2056 ficari
446 2012 662 2054 videatur:
705 2022 910 2063 pauperes
944 2021 1081 2061 neque
1119 2009 1283 2061 publice
1322 2020 1455 2060 neque
1484 2008 1680 2061 privatim
1711 2010 1867 2053 audere
1897 2022 2094 2053 accusare
2124 2023 2375 2066 quemquam
2406 2015 2491 2056 sive
2517 2027 2684 2069 vexare,

299 2085 519 2129 verisimile
558 2090 622 2126 est
658 2082 796 2125 verbis
834 2075 1037 2137 ἅλλοτρίη
1073 2096 1157 2136 περ
1187 2080 1318 2123 ἐοῦσα
1345 2093 1426 2123 non
1463 2081 1619 2124 dictam
1652 2093 1742 2124 esse
1772 2085 2068 2135 paupertatem
2098 2095 2206 2136 quae
2245 2085 2351 2127 alius
2385 2087 2599 2130 cuiusdam
2629 2090 2686 2132 sit

298 2157 372 2200 sed
404 2168 513 2209 quae
550 2153 701 2197 infesta
741 2145 858 2209 (Hes.
889 2147 1129 2208 ἀλλότριος,
1162 2153 1404 2207 πολέμιος).
1461 2166 1553 2195 eam
1587 2157 1730 2196 autem
1769 2159 1894 2208 pocta
1934 2154 2087 2198 dixisse
2124 2156 2290 2199 videtur
2327 2159 2471 2210 utique
2507 2160 2683 2204 inertem

300 2242 350 2273 ac
379 2240 528 2284 parum
556 2228 737 2269 validam
769 2237 879 2269 esse:

828 2294 978 2354 νωθής
1005 2313 1075 2340 τοι
1104 2297 1231 2354 πενίη
1262 2313 1307 2352 γε
1339 2297 1410 2339 καὶ
1440 2293 1640 2354 ἅλλοτρίη
1672 2313 1755 2352 περ
1786 2297 1936 2340 ἐοῦσα·

884 2363 984 2411 οὔτε
1014 2366 1091 2425 γὰρ
1126 2367 1188 2420 εἷς
1217 2363 1375 2427 ἀγορὴν
1406 2367 1573 2423 ἔρχεται
1606 2363 1705 2412 οὔτε
1736 2369 1856 2421 δίκας
1881 2387 1918 2414 κ.
1948 2387 1983 2414 τ.
2016 2371 2054 2414 λ.

432 2515 496 2557 Ad
527 2515 764 2570 fragmenta
791 2519 981 2557 revertor
1009 2515 1050 2555 in
1080 2514 1230 2566 quibus
1261 2527 1394 2557 nexus
1423 2516 1726 2558 sententiarum
1751 2516 1946 2559 turbatus
1966 2521 2029 2560 est
2048 2518 2272 2562 nonnullos
2292 2519 2404 2562 locos
2425 2519 2683 2563 obscuriores

300 2593 576 2632 tractaturus.
635 2587 681 2629 In
712 2599 749 2628 v.
782 2590 861 2629 659
887 2598 1016 2639 seqq„
1052 2587 1119 2628 ubi
1147 2587 1243 2629 libri
1276 2587 1492 2629 exhibent:
2447 2602 2450 2606 ⁴

827 2653 927 2701 Οὐδ’
957 2652 1119 2713 ὀμόσαι
1148 2656 1225 2715 χρὴ
1254 2660 1402 2713 τοῦθ’,
1433 2655 1498 2701 ὅτι
1528 2655 1587 2715 μή
1619 2675 1729 2701 ποτε
1760 2661 1936 2717 πρῆγμα
1965 2657 2054 2703 τόδ’
2090 2659 2230 2703 ἔσται·

878 2729 982 2771 θεοὶ
1010 2726 1088 2784 γάρ
1118 2745 1165 2771 τε
1195 2730 1401 2783 νεμεσιῦσ’
1436 2723 1551 2773 οἷσιν
1583 2729 1737 2774 ἔπεστι
1765 2731 1910 2782 τέλος·

826 2802 897 2843 καὶ
926 2802 1087 2859 πρῆξαι
1114 2801 1263 2856 μέντοι
1294 2815 1356 2843 τι·
1386 2803 1457 2844 καὶ
1487 2802 1532 2845 ἐκ
1562 2806 1694 2846 κακοῦ
1725 2801 1887 2859 ἐσθλὸν
1923 2801 2080 2859 ἔγεντο,

882 2874 953 2916 καὶ
980 2871 1112 2917 κακὸν
1141 2874 1190 2927 ἐξ
1216 2870 1407 2930 ἀγαθοῦ·
1435 2874 1507 2917 καί
1534 2891 1581 2918 τε
1609 2874 1812 2930 πενιχρὸς
1841 2871 1951 2932 α’νήρ

825 2941 939 3002 αἶψα
967 2943 1068 3000 μάλ’
1105 2943 1357 3002 ἐπλούτησε,
1388 2946 1458 2989 καὶ
1488 2942 1536 2998 ὃς
1563 2945 1683 3002 μάλα
1708 2945 1850 2991 πόλλα
1879 2948 2084 3002 πέπαται,

883 3017 1086 3074 ἐξαπίνης
1114 3015 1240 3060 πάντ’
1273 3011 1348 3062 οὖν
1379 3013 1515 3063 ὤλεσε
1547 3021 1664 3062 νυκτὶ
1692 3022 1789 3078 μιῇ·

825 3090 895 3132 καὶ
925 3086 1117 3147 σώφρων
1147 3087 1312 3146 ἥμαρτε
1342 3087 1413 3133 καὶ
1441 3084 1600 3149 ἄφρονι
1630 3089 1816 3134 πολλάκι
1845 3089 1949 3142 δόξα

877 3160 1038 3204 ἕσπετο
1067 3163 1139 3205 καὶ
1167 3165 1292 3219 τιμῆς
1319 3163 1390 3205 καὶ
1419 3162 1549 3214 κακὸς
1577 3160 1639 3206 ὢν
1669 3161 1828 3217 ἔλαχεν.

296 3233 425 3275 verba
453 3232 524 3274 καὶ
552 3234 713 3289 πρῆξαι
740 3233 887 3287 μέντοι
915 3250 958 3276 τι
987 3248 1009 3278 e
1038 3237 1341 3279 sententiarum
1373 3237 1516 3280 ordine
1540 3249 1711 3290 prorsus
1741 3237 1998 3279 exciderunt.
2047 3236 2142 3279 Non
2172 3236 2446 3280 cohaerebant
2477 3236 2550 3279 illa
2580 3249 2675 3279 cum

294 3304 504 3358 prioribus
547 3298 630 3346 οὐκ
669 3299 826 3358 ὀμόσαι
854 3307 938 3362 χρῆ
966 3307 1096 3348 τοῦτο
1125 3322 1163 3350 κ.
1193 3322 1229 3348 τ.
1260 3307 1312 3361 λ.,
1341 3310 1391 3349 ut
1418 3307 1485 3350 his
1514 3308 1701 3350 additum
1729 3307 1877 3350 fuerit:
1914 3319 2050 3360 neque
2079 3309 2237 3361 (iurare
2265 3308 2399 3360 decet)
2429 3307 2586 3362 aliquid
2614 3308 2676 3352 fa-

298 3389 402 3429 cere,
426 3376 535 3429 quod
555 3377 692 3420 verbis
712 3371 805 3419 οὐδ’
829 3372 1005 3431 (ὀμόσαι
1032 3374 1131 3433 χρή)
1161 3376 1278 3431 ἔρξαι
1308 3394 1350 3421 τι
1381 3380 1599 3423 dicendum
1630 3384 1732 3422 erat.
1762 3392 1896 3433 neque
1925 3379 1990 3423 his
2019 3384 2118 3434 apta
2148 3391 2254 3432 quae
2286 3383 2494 3431 secuntur,
2525 3380 2678 3432 quibus
