2930 3880
1402 357 1427 397 9

227 479 310 523 fine
346 479 598 532 pentametri
639 477 762 531 longe
791 475 904 518 aliud
934 475 1186 529 desiderare,
1219 476 1260 517 in
1289 477 1399 519 hanc
1427 475 1514 519 scil.
1545 475 1818 519 sententiam:
1857 471 1954 531 ἤντε
1983 475 2131 530 λαβεῖν
2159 469 2362 533 ἄφθονον
2391 478 2479 521 sive
2504 472 2604 520 ‹ive-

223 550 409 606 μέσητον
435 550 534 604 (quo
563 548 688 591 simul
716 560 845 592 causa
874 548 1161 601 praestantiae
1191 546 1539 602 significabatur),
1582 546 1708 599 idque
1736 547 1873 600 ipsum
1901 559 2002 591 voce
2046 548 2220 600 antiqua
2261 541 2418 601 ἄχολον
2460 550 2601 604 (Hom.

226 622 305 667 od.
335 626 375 674 4,
403 624 480 664 221
515 617 732 675 νηπενθές
755 618 791 660 τ’
823 611 982 671 ἄχολόν
1008 622 1073 670 τε)
1118 619 1276 662 dictum
1316 632 1407 663 esse
1445 619 1631 675 conicio„
1657 620 1738 662 etsi
1779 620 1896 663 aliud
1940 619 2065 662 huius
2105 632 2207 663 usus
2243 622 2481 676 exemplum
2520 634 2603 665 non

225 695 372 739 habeo.
428 692 501 736 sed
531 691 670 745 potuit
698 691 754 733 sic
782 690 863 734 dici
890 691 930 734 id
961 691 1072 744 quod
1102 703 1185 734 non
1214 692 1443 735 abnoxium
1472 686 1589 749 χόλῳ
1618 685 1715 735 οὐδὲ
1746 691 1932 747 νεμέσσι.

355 766 449 808 Vox
479 761 667 819 ἔργματα
693 776 864 817 prorsus
894 764 1034 818 inepte
1061 765 1198 818 posita
1232 764 1399 807 videtur
1427 763 1471 806 in
1496 762 1646 815 fragm.
1676 775 1715 806 v.
1749 764 1854 804 1323
1885 774 2020 815 seqq.:

754 835 1024 894 Κυπρογένη,
1056 833 1226 880 παῦσόν
1253 844 1307 890 με
1335 831 1499 889 πόνων,
1527 834 1737 878 σκέδασον
1766 833 1814 878 δὲ
1838 833 2050 890 μερίμνας

806 906 1100 964 θυμοβόρους,
1130 909 1295 965 τρέψον
1322 909 1360 951 δ’
1389 899 1521 959 αὖθις
1547 906 1591 958 ἐς
1618 903 1900 964 εὐφροσύνας,

754 979 976 1039 μερμήρας
1003 982 1040 1024 δ’
1071 978 1276 1024 ἀπόπαυε
1307 977 1450 1032 κακάς,
1481 976 1559 1030 δὸς
1587 979 1624 1021 δ’
1654 972 1836 1036 εὔφρονι
1865 980 1998 1035 θυμῷ

809 1051 928 1106 μέτρ’
961 1049 1070 1108 ἥβης
1098 1053 1313 1096 τελέσαντ’
1345 1051 1535 1108 ἔργματα
1565 1048 1862 1108 σωφροσύνης.

226 1135 336 1177 quae
365 1137 388 1167 e
417 1124 547 1167 variis
575 1124 742 1177 quidem
772 1125 870 1168 locis
899 1126 958 1168 sic
986 1126 1202 1168 cumulata
1233 1138 1259 1167 a
1291 1124 1562 1178 compilatore
1592 1136 1682 1167 esse
1712 1124 1919 1175 videntur,
1964 1123 2037 1166 sed
2077 1127 2220 1171 tamen
2248 1123 2291 1166 in
2317 1123 2399 1166 fine
2429 1125 2606 1169 alterius

223 1196 391 1239 distichi
434 1197 548 1239 aliud
592 1208 719 1248 quam
760 1197 871 1250 quod
917 1209 1027 1240 nune
1070 1196 1227 1251 legitur
1270 1197 1471 1250 scriptum
1512 1196 1605 1239 fuit.
1663 1197 1775 1249 quod
1818 1209 1900 1238 non
1945 1197 2064 1239 video
2101 1208 2184 1249 quo
2221 1201 2346 1250 pacto
2386 1197 2502 1239 aliud
2541 1196 2606 1239 fu-

225 1269 307 1311 erit
336 1280 488 1322 quam:
1376 1265 1453 1319 δός
1482 1268 1518 1310 δ’
1550 1269 1729 1325 εὔφρονι
1758 1267 1891 1325 θυμῷ

806 1341 924 1396 μέτρ’
954 1338 1060 1398 ἥβης
1087 1341 1256 1385 τελέσαι
1287 1339 1401 1397 κέ’ργ’
1431 1335 1521 1384 ἀπο
1551 1338 1870 1399 δυσφροσύνας.

223 1412 292 1466 (οἱ.
321 1413 397 1456 Od.
430 1417 467 1469 3,
498 1418 577 1457 296
607 1411 760 1469 μικρός
790 1414 838 1457 δὲ
869 1413 1000 1465 λίθος
1028 1414 1134 1470 μέγα
1166 1416 1264 1469 κῦμ’
1293 1408 1511 1470 ἀποέργει.
1570 1415 1699 1457 etiam
1728 1415 1769 1456 in
1800 1427 1837 1457 V.
1871 1416 1950 1456 293
1982 1427 2090 1467 seq.:
2122 1407 2222 1456 οὐδὲ
2250 1413 2361 1455 λέων
2388 1411 2474 1457 αἰεὶ
2503 1414 2605 1469 κρέα

222 1484 428 1539 δαίνυται,
467 1480 574 1528 ἀλλά
602 1502 676 1540 μιν
711 1483 853 1542 ἒμπης
882 1485 954 1528 καὶ
982 1482 1190 1540 κρατερόν
1219 1501 1304 1540 περ
1335 1482 1456 1528 ἐόνθ’
1486 1482 1600 1539 αἱρεῖ
1627 1480 1850 1541 ἀμηχανίη,
1887 1486 1958 1528 ubi
1985 1489 2037 1527 A
2066 1481 2175 1528 ἐόντ’
2212 1481 2324 1539 αἴρει
2363 1486 2534 1530 exhibet
2563 1491 2606 1530 et

225 1555 432 1611 Bergkius
462 1550 584 1612 ἀγρεῖ
610 1556 791 1608 coniecit,
822 1557 1096 1611 praetulerim
1126 1569 1271 1601 vocem
1307 1554 1458 1613 ἔργειν,
1489 1571 1573 1612 qua
1599 1559 1657 1601 sic
1688 1558 1900 1612 utuntur).

356 1629 422 1672 Ad
452 1641 598 1672 versus
629 1631 709 1670 825
739 1641 828 1683 sqq.

758 1702 864 1751 Πῶς
893 1697 994 1754 ὑμῖν
1021 1700 1221 1758 τέτληκεν
1251 1698 1325 1744 ὑπ’
1354 1696 1594 1759 αὖλητῆρος
1625 1697 1789 1745 ἀείδειν

809 1769 978 1828 θυμός,·
1006 1776 1084 1830 γῆς
1113 1774 1149 1817 δ’
1183 1766 1315 1831 οὖρος
1343 1772 1548 1832 φαίνεται
1577 1772 1626 1826 ἐξ
1650 1767 1818 1831 ἀγορῆς,

752 1841 824 1902 ἤτε
853 1845 1004 1903 τρέφει
1032 1850 1266 1901 καρποῖσιν
1295 1846 1339 1890 ἐν
1368 1845 1608 1896 εἰλαπίναις
1637 1844 1876 1903 φορέοντας

809 1918 1019 1976 ξανθῇσίν
1046 1935 1093 1962 τε
1123 1916 1277 1974 κόμαις
1303 1917 1583 1977 πορφυρέους
1611 1913 1864 1974 στεφάνους.

750 1983 842 2031 ἀλλ’
872 1983 946 2046 ἆγε
974 1987 1040 2047 δή,
1069 1988 1232 2044 Σκύθα,
1263 1994 1379 2047 κεῖρε
1409 1986 1556 2045 κόμην,
1588 1982 1794 2031 ἀπόπαυε
1826 1986 1873 2030 δὲ
1903 1989 2064 2043 κῶμον,

805 2061 965 2105 πένθει
993 2063 1029 2106 δ’
1061 2057 1201 2120 εὐώδη
1230 2066 1374 2118 χῶρον
1401 2058 1720 2116 ἀπολλύμενον.

222 2134 429 2188 Bergkius
472 2135 714 2178 adnotavit:
752 2132 872 2190 ‘post
910 2139 1144 2191 καρποῖσιν
1194 2138 1317 2192 plura
1369 2137 1572 2180 excidisse
1611 2136 1818 2188 videntur,
1866 2146 1962 2176 nam
2005 2134 2071 2176 hic
2116 2145 2280 2187 quoque
2323 2137 2480 2184 temere
2523 2133 2605 2176 duo

220 2206 398 2250 disticha
429 2206 473 2249 in
502 2219 632 2249 unum
662 2202 918 2251 coniuncta'.
976 2210 1059 2252 Alii
1091 2211 1331 2253 coniectura
1361 2209 1519 2253 mederi
1548 2211 1823 2261 temptarunt.
1881 2206 2112 2250 Ahrensius
2129 2207 2365 2261 proposuit:
2413 2202 2606 2261 καρποὺς

219 2276 298 2332 μὲν
328 2275 375 2321 ἐν
403 2275 642 2329 εἰλαπίναις
671 2279 912 2334 παρέοντας
956 2281 1052 2336 (hoc
1081 2282 1300 2325 dicendum
1329 2286 1423 2325 erat
1453 2296 1527 2339 ητε
1557 2279 1680 2338 φέρει
1709 2274 1916 2334 καρπούς,
1945 2292 2043 2321 nam
2065 2279 2264 2322 animalia
2295 2279 2462 2331 quidem
2492 2283 2606 2321 terra

220 2348 406 2407 τρέφειν,
439 2348 604 2393 fructus
633 2350 781 2407 φέρειν
810 2352 982 2395 dicitur:
1013 2350 1183 2408 καρπὸν
1209 2353 1245 2395 δ’
1288 2351 1419 2411 ἔφερε
1455 2353 1658 2408 ζείδωρος
1686 2345 1850 2407 ἷίρουρα
1870 2352 2055 2404 Hesiod.‚
2086 2351 2129 2393 in
2161 2351 2250 2393 iure
2281 2351 2456 2393 iurando
2476 2351 2602 2394 Athe·

220 2421 351 2464 niensi
373 2456 381 2464 .
403 2457 412 2465 .
442 2418 549 2477 μήτε
578 2419 654 2478 γῆν
685 2421 879 2478 καρποὺς
918 2424 1080 2482 φέρειν,
1111 2426 1198 2473 aL).
1258 2425 1340 2469 Sed
1383 2440 1434 2470 ex
1474 2426 1720 2469 coniecturis
1746 2425 1976 2478 Hartungii
2004 2419 2066 2479 ἤτ’
2101 2419 2283 2480 ἔτρεφεν
2312 2426 2354 2467 et
2383 2423 2605 2466 Schneide-

220 2495 316 2537 wini
346 2495 529 2547 ξανθαῖς
556 2489 669 2552 ἀμφὶ
691 2492 848 2550 Ι’κόμαις
877 2497 1036 2550 optima
1065 2498 1314 2551 conponitur
1342 2499 1569 2542 sententia:
1599 2499 1676 2554 γῆς
1706 2531 1715 2540 .
1744 2530 1766 2549 .,
1795 2493 1860 2552 ἤτ’
1894 2493 2076 2553 ἔτρεφεν
2104 2497 2338 2551 καρποῖσιν
2369 2495 2412 2538 ἐν
2441 2492 2603 2538 εἰλαπί-

219 2581 311 2616 ναις
339 2565 579 2623 φορέοντας
623 2567 806 2620 ξανθαῖς
847 2562 964 2626 ἀμφὶ
1004 2565 1158 2623 κόμαις
1203 2569 1490 2626 πορφυρέους
1532 2566 1773 2627 στεφάνους
1803 2567 1871 2623 (ef.
1901 2568 2021 2611 Pind.
2053 2567 2175 2622 Pyth.
2209 2571 2271 2620 10,
2303 2570 2356 2609 40
2386 2563 2528 2624 δάφνᾳ
2556 2581 2603 2608 τε

219 2636 379 2696 χρυσέᾳ
409 2634 546 2693 κόμας
573 2632 858 2696 ἀναδήσαντες
887 2637 1224 2695 εἰλαπινάζοισιν
1260 2636 1525 2699 εὐφρόνως).
1553 2643 1619 2685 cui
1647 2641 1850 2685 festarum
1881 2640 2052 2694 dapium
2081 2639 2350 2693 descriptioni
2381 2639 2605 2694 opponitur

219 2712 316 2754 dein
347 2701 471 2766 nelos*
493 2707 640 2768 κόμην,
671 2706 875 2756 ἀπόπαυε
905 2712 952 2756 δὲ
982 2716 1144 2769 κῶμον.
1177 2716 1250 2757 sed
1282 2728 1363 2758 non
1396 2716 1652 2769 intellegitur
1681 2715 1887 2767 quomodo
1920 2714 2102 2766 ξανθαῖς
2130 2705 2245 2769 ἀμφὶ
2274 2708 2427 2766 κόμαις
2455 2711 2605 2754 abierit

220 2784 262 2826 in
293 2783 502 2842 ξανθῇσίν
528 2799 574 2827 τε
604 2780 770 2839 κόμαις.
800 2787 938 2840 potuit
965 2788 1042 2830 hoc
1071 2788 1187 2830 nasci
1219 2800 1270 2830 ex
1300 2788 1479 2844 ξανθῇσ’
1511 2785 1592 2830 εἰνὶ
1611 2783 1778 2841 κόμαις.
1808 2786 1933 2839 idque
1952 2778 2102 2828 melius
2122 2785 2279 2828 dictum
2308 2788 2388 2828 est:
2417 2780 2601 2836 βάλλειν,

219 2855 444 2910 τίθεσθαι,
473 2857 565 2899 δεῖν
593 2851 717 2915 ἀμφὶ,
749 2861 906 2915 φορεῖν
936 2858 991 2912 ἐν,
1035 2864 1078 2903 et
1122 2859 1259 2916 forma
1304 2857 1385 2902 εἰνὶ
1428 2860 1680 2914 praepositio
1710 2859 1908 2902 distincta
1938 2861 2032 2901 erat
2073 2857 2125 2900 ab
2156 2857 2290 2900 altera
2323 2858 2364 2899 in
2393 2857 2527 2900 verbis
2559 2854 2603 2898 ἐν

221 2926 473 2981 εἰλαπίναις,
506 2933 554 2973 ut
580 2930 746 2984 dativus
775 2931 960 2990 ξανθῇσι
989 2933 1098 2976 inter
1126 2934 1230 2976 duos
1259 2933 1365 2976 alios
1394 2933 1435 2974 in
1466 2947 1535 2982 αις
1567 2937 1610 2974 et
1651 2935 1750 2974 ante
1790 2929 2097 2984 diphthongum
2127 2930 2294 2972 mollius
2326 2929 2511 2971 sonabat.
2555 2928 2603 2970 In

221 3003 491 3055 sequentibus
531 3004 742 3058 Bergkius
782 3006 948 3059 egregie
978 3018 1054 3059 pro
1083 2999 1172 3047 ἀλλ’
1204 2998 1278 3061 ἄγε
1309 3001 1375 3060 δή,
1406 3000 1577 3058 Σκύθα,
1606 3005 1724 3058 κεῖρε
1767 2999 1904 3058 κόμην
1942 3002 2122 3045 correxit
2154 2995 2243 3043 ἀλλ’
2283 2994 2355 3056 ἄγε
2387 2997 2438 3056 δὴ
2469 2994 2602 3055 ’γκυτὶ

220 3077 337 3130 κεῖρε
371 3072 520 3132 κόμην,
558 3081 601 3119 et
629 3071 791 3133 εὖάνθη
823 3091 899 3131 pro
931 3071 1087 3134 εὐώδη.
1145 3079 1224 3121 Hic
1252 3079 1383 3132 igitur
1420 3077 1576 3130 optIme
1619 3088 1769 3119 nomen
1810 3076 2024 3129 proprium
2063 3074 2106 3116 in
2136 3074 2378 3117 adverbium
2408 3074 2603 3117 mutavit.

221 3149 359 3192 minus
387 3148 565 3193 feliciter
593 3150 691 3193 alibi
718 3151 885 3194 nomina
902 3151 1074 3206 propria
1092 3152 1283 3194 intulisse
1307 3152 1484 3194 videtur.
1520 3149 1583 3191 De
1601 3161 1639 3191 v.
1663 3151 1762 3191 193:
1799 3142 1937 3198 αὐτός
1965 3162 2034 3190 τοι
2061 3142 2224 3202 ταύτην
2252 3141 2381 3196 εἰδώς
2408 3141 2602 3188 κακόπα-

220 3237 313 3276 τριν
342 3219 496 3263 ἐοῦσαν
522 3217 586 3271 εἷς
614 3217 761 3272 οἷ’κους
787 3215 945 3278 ἄγεται,
975 3223 1047 3266 ubi
1085 3223 1254 3276 utrique
1286 3222 1521 3277 pronomini
1563 3233 1713 3264 nomen
1750 3221 1965 3275 proprium
1995 3218 2202 3262 subfuisse
2250 3218 2513 3271 opinabatur,
2559 3218 2602 3260 in

219 3294 356 3349 prima
400 3295 747 3338 commentatione
772 3295 937 3339 locutus
968 3309 1085 3340 sum:
1129 3296 1233 3339 nihil
1262 3297 1538 3346 desideratur,
1563 3294 1635 3337 ubi
1664 3293 1916 3337 correxeris:
1955 3286 2092 3342 α’στός
2135 3306 2203 3334 τοι
2244 3288 2428 3346 γαμετὴν
2471 3286 2602 3341 εἰδώς

221 3363 487 3421 κακόπατριν
515 3364 669 3409 ἐοῦσαν
699 3363 761 3418 εἰς
789 3363 935 3418 οἴκους
961 3362 1122 3423 ἄγεται.
1181 3369 1327 3422 Neque
1357 3368 1484 3412 etiam
1517 3365 1656 3420 placet
1683 3377 1811 3418 quain
1840 3366 1883 3408 in
1912 3375 2060 3408 versus
2095 3366 2199 3405 1055
2231 3373 2349 3414 sqq.:

2317 3439 2337 3472 2
