2930 3880
1355 422 1407 464 21

719 536 830 577 Κασ.
860 534 1011 591 μῆτερ,
1045 530 1212 587 πύκαζε
1243 532 1359 588 κρᾶτ’
1395 519 1500 586 ἐμὸν
1532 529 1768 590 νικηφόρον

858 603 930 646 καὶ
957 605 1080 658 χαῖρε
1106 606 1201 655 τοῖς
1229 603 1372 658 ἐμοῖσι
1401 602 1645 656 βασιλικοῖς
1674 600 1827 658 γάμοις

858 674 931 718 καὶ
959 674 1124 730 πέμπε,
1151 670 1229 717 κᾶν
1256 671 1315 732 μὴ
1341 668 1456 729 τᾶμά
1483 689 1556 718 σοι
1583 671 1800 731 πρόθυμά
1827 676 1862 730 γ’
1893 667 1931 733 ᾗ,

778 766 779 769 “
831 801 835 805 ¹
860 739 975 790 ὤθει
1004 746 1178 800 βιαίως·
1209 744 1248 790 εἶ
1276 743 1354 802 γὰρ
1387 744 1482 790 ἔστι
1509 746 1691 802 Λοξίας,

854 814 1025 874 Ἑλένης
1054 819 1183 873 γαμεῖ
1210 833 1264 871 με
1295 816 1631 872 δυστυχέστερον
1658 813 1795 873 γάμον

860 886 884 934 o‘
913 890 1003 932 τῶν
1029 884 1220 943 Ἀχαιῶν
1248 886 1415 939 κλεινὸς
1441 884 1722 945 Ἀγαμέμνων
1750 883 1866 944 ἅναξ.

188 978 268 1022 nisi
305 976 418 1031 quod
459 977 502 1019 in
531 974 667 1019 Vatic.
706 975 905 1028 corrupte
946 964 1061 1015 ὤθει
1099 969 1241 1022 αἰσίοις
1278 971 1481 1025 scriptum
1522 976 1600 1016 est.
1658 973 1774 1017 Haec
1811 973 1942 1027 igitur
1972 973 2255 1020 Weckleinius
2283 977 2388 1026 arte,
2426 977 2475 1017 ut
2502 976 2575 1027 ait,

190 1052 383 1094 tractans
411 1040 529 1091 ὤθει
556 1046 673 1117 verbi
705 1044 855 1100 πέμπε
885 1044 1095 1100 glossema
1121 1055 1224 1095 esse,
1255 1046 1299 1087 et
1324 1043 1367 1085 in
1396 1055 1498 1088 voce
1526 1047 1711 1088 ceterum
1739 1056 1911 1097 prorsus
1939 1045 2175 1098 depravata
2203 1044 2406 1100 syllabam
2433 1047 2576 1089 tamen

189 1121 360 1166 finalem
389 1136 441 1171 ας
469 1123 583 1164 recte
612 1119 812 1174 scriptam
844 1129 939 1161 esse
968 1116 1110 1160 sumit.
1169 1115 1321 1170 Itaque
1348 1115 1485 1159 deleto
1514 1116 1768 1170 glossemate
1798 1116 1990 1170 Euripidi
2023 1117 2159 1160 dedit:
2205 1116 2277 1159 καὶ
2305 1115 2455 1170 πέμπε
2487 1150 2496 1160 .
2527 1150 2535 1159 .
2567 1150 2575 1159 .

189 1188 317 1247 εὐχὰς
343 1191 500 1247 βιαίας,
524 1188 743 1236 ‘entsende
773 1190 1110 1244 abgezwungene
1139 1180 1379 1230 Wiinsche’.
1434 1199 1544 1241 quae
1572 1199 1654 1241 quo
1683 1187 1902 1232 referenda
1924 1188 2020 1239 sint,
2059 1189 2229 1233 difficile
2260 1193 2325 1233 est
2349 1189 2576 1233 intellectu.

191 1266 245 1310 de
268 1265 422 1316 verbis,
454 1276 564 1317 quae
592 1263 771 1307 retinet:
811 1256 889 1303 κᾶν
917 1257 975 1316 μὴ
1004 1253 1120 1313 τάμά
1148 1273 1221 1302 σοι
1248 1254 1464 1313 πρόθυμά
1490 1258 1525 1313 γ’
1558 1249 1596 1314 ἦ,
1634 1271 1716 1302 non
1742 1259 1941 1313 loquitur,
1969 1260 2049 1303 etsi
2077 1272 2159 1303 non
2188 1260 2325 1304 solum
2353 1261 2502 1304 vocula
2533 1275 2578 1315 γε

191 1349 275 1381 non
303 1340 419 1381 recte
458 1349 504 1380 se
539 1335 681 1388 habet,
724 1334 799 1378 sed
829 1330 958 1376 etiam
994 1332 1225 1385 sententia3
1277 1331 1488 1384 accepisse
1515 1330 1592 1374 illa
1621 1331 1788 1375 videtur
1820 1335 2038 1385 tamquam
2073 1332 2284 1387 legeretur
2317 1328 2578 1386 καταθύμια.

193 1409 432 1454 Cassandra
461 1407 589 1452 matri
619 1407 720 1452 dicit
748 1404 1011 1460 (eloquentia
1037 1415 1137 1446 vere
1165 1401 1434 1457 Euripidea):
1478 1404 1522 1446 et
1548 1402 1668 1446 mitte
1685 1414 1763 1446 ⁴me
1792 1407 1834 1447 et
1863 1404 1929 1447 vel
1959 1407 2105 1448 contra
2134 1404 2395 1448 voluntatem
2427 1416 2577 1456 meam,

191 1481 229 1526 si
258 1494 312 1527 ex
339 1493 437 1526 mea
463 1484 589 1535 parte
615 1479 811 1524 desierim
843 1477 961 1529 velle,
992 1477 1033 1519 vi
1061 1489 1130 1520 me
1158 1474 1367 1530 propelle:

492 1552 499 1554 ’
722 1549 794 1593 καὶ
823 1548 975 1604 πέμπε
1006 1547 1078 1590 καί
1106 1547 1163 1602 μ’,
1194 1542 1248 1603 ἢν
1272 1541 1387 1601 τοῖμοὶ
1414 1543 1473 1604 μὴ
1503 1542 1702 1602 πρόθυμ’
1736 1545 1795 1590 ἔτ’
1826 1539 1866 1605 ᾗ,

722 1615 838 1666 ὤθει
862 1620 1018 1675 βιαίως
1046 1636 1087 1664 κ.
1116 1635 1153 1662 τ.
1186 1619 1224 1662 λ.

194 1715 286 1770 (καί
313 1714 357 1770 μ’
389 1709 443 1768 ἢν
471 1715 696 1768 postquam
735 1710 778 1753 in
806 1704 889 1755 κᾶν
926 1705 983 1763 μθ
1023 1708 1140 1760 abiit,
1182 1706 1345 1760 reliqua
1381 1716 1548 1759 quoque
1588 1707 1785 1759 corrupta
1821 1708 1940 1759 sunt3
1984 1706 2094 1759 quod
2133 1706 2249 1750 codd.
2284 1710 2388 1760 post,
2422 1707 2580 1751 habent

195 1786 407 1842 πέμπετε,
442 1797 495 1829 ex
527 1783 738 1838 adscripto
769 1781 1015 1837 pronomine
1041 1794 1097 1833 με
1128 1782 1270 1822 ortum
1299 1779 1398 1834 est).
1455 1777 1657 1821 Eiusdem
1687 1779 1849 1831 generis
1883 1781 1984 1821 sunt
2009 1778 2296 1822 additamenta
2327 1782 2371 1823 et
2398 1779 2581 1833 explica-

193 1861 330 1904 tiones
356 1870 464 1913 quas
491 1856 614 1912 fingit
641 1857 934 1909 interpretum,
977 1863 1088 1905 quae
1116 1862 1200 1894 non
1228 1862 1279 1894 ex
1318 1861 1435 1894 more
1469 1850 1842 1903 grammaticorum
1877 1850 2056 1895 haustae
2087 1854 2196 1904 sunt,
2239 1851 2312 1895 sed
2342 1863 2394 1895 ex
2424 1850 2583 1904 opinio-

194 1931 318 1976 nibus
347 1931 391 1975 in
421 1940 673 1985 unoquoque
703 1928 796 1972 loco
826 1924 1096 1980 praesumtis.
1152 1923 1202 1966 In
1233 1922 1385 1966 Helen.
1411 1934 1450 1966 v.
1475 1925 1553 1965 169
1569 1933 1702 1975 seqq:

727 2000 941 2056 Σειρῆνες,
973 1992 1062 2040 εἴθ’
1092 1995 1216 2050 ἐμοῖς
1240 1992 1359 2050 γόοις

727 2067 895 2126 μόλοιτ’
929 2067 1107 2123 ἔχουσαι
1134 2065 1211 2110 τὸν
1239 2066 1385 2121 Λίβυν

727 2140 869 2186 λωτὸν
895 2138 923 2200 ἢ
951 2138 1164 2197 σύριγγας,
1193 2137 1374 2190 αἰλίνοις
1402 2140 1551 2189 κακοῖς

725 2217 822 2266 τοῖς
850 2213 996 2269 ἐμοῖσι
1025 2208 1190 2265 σύνοχα
1216 2207 1391 2265 δάκρυα,

727 2281 900 2329 πάθεσι
927 2281 1098 2338 πάθεα,
1128 2282 1274 2338 μέλεσι
1304 2280 1447 2336 μέλεα.

199 2374 349 2424 κακοῖς
378 2371 430 2416 ab
460 2371 692 2425 interprete
720 2369 810 2413 voci
839 2366 1021 2419 αἰλίνοις
1049 2366 1308 2420 adscriptum
1335 2377 1428 2409 esse
1456 2364 1599 2408 sumit.
1638 2363 1782 2416 itaque
1808 2362 2047 2405 trimetrum
2074 2361 2117 2403 in
2146 2359 2444 2413 pentapodiam
2471 2370 2582 2402 com·

198 2448 350 2497 mutat,
380 2443 444 2489 cui
472 2443 515 2486 in
545 2442 830 2497 antistropha:

729 2512 976 2564 κυανοειδὲς
1002 2506 1110 2569 ἄμφ’
1138 2508 1255 2565 ὕδωρ

731 2583 884 2639 ἔτυχον
912 2581 1033 2628 ἕλικά
1060 2583 1097 2626 τ’
1128 2578 1210 2626 dvo?
1243 2578 1373 2636 χλόαν

730 2658 931 2715 φοίνικας
959 2654 1087 2701 ἁλίου
1118 2655 1317 2705 πέπλους

727 2727 924 2787 αὐγαῖσιν
953 2730 998 2774 ἐν
1025 2731 1121 2780 ταῖς
1148 2726 1345 2783 χρυσέαις

728 2799 950 2846 θάλπουσ’
980 2796 1095 2858 ἆμφί
1123 2800 1159 2842 τ’
1192 2798 1236 2841 έν
1264 2793 1445 2845 δόνακος
1475 2791 1652 2848 ἔρνεσιν.

202 2904 369 2937 versum
399 2871 723 2947 respondentem
751 2883 868 2946 ἀμφὶ
896 2884 1078 2938 δόνακος
1109 2884 1275 2940 ἔρνεσιν
1302 2881 1486 2927 scribens
1515 2882 1744 2932 exaequat:
1772 2873 1892 2930 ‘jetzt
1921 2872 2195 2927 entsprechen
2224 2871 2312 2916 sich
2341 2870 2407 2914 die
2435 2869 2584 2913 beiden

202 2965 355 3010 Verse:
1056 2945 1059 2949 ’

622 3037 697 3079 171
730 3030 871 3076 λωτὸν
899 3028 930 3088 ἢ
959 3027 1169 3086 σύριγγας,
1201 3025 1380 3077 αἰλίνοις

624 3109 702 3150 183
731 3101 953 3149 θάλπουσ’
982 3099 1097 3160 α’μφὶ
1127 3096 1308 3149 δόνακος
1339 3096 1516 3152 ἔρνεσιν.

205 3195 291 3238 und
320 3194 389 3239 die
418 3207 551 3250 ganze
581 3194 714 3239 Stelle
743 3195 800 3237 ist
828 3182 876 3236 in'
900 3183 1127 3244 Ordnung'.
1190 3187 1305 3241 Ergo
1334 3183 1575 3237 Madvigius
1610 3192 1693 3224 non
1728 3179 1843 3223 solus
1877 3177 2000 3221 hodie
2031 3186 2178 3219 versus
2207 3172 2439 3217 trochaicos
2465 3170 2588 3225 fingit

203 3268 247 3311 in
274 3267 409 3321 primo
441 3266 548 3320 pede
576 3266 685 3310 thesi
715 3266 843 3319 longa
879 3263 1105 3318 praeditos.
1165 3260 1223 3303 Et
1253 3259 1294 3300 in
1323 3254 1449 3310 Soph.
1479 3252 1629 3296 Trach.
1658 3263 1698 3294 v.
1730 3252 1812 3292 888
1847 3249 1959 3292 huuc
1988 3259 2157 3292 versum
2188 3245 2407 3288 iambicum
2434 3243 2588 3296 probat

205 3339 482 3393 laudibusque
512 3339 692 3384 extollit:

147 3403 165 3418 ο
736 3418 910 3468 ἐπεῖδες
939 3408 977 3459 ὦ
1003 3414 1162 3470 ματαία
1188 3408 1303 3454 τάνδ’
1334 3407 1458 3466 ὕβριν
