2930 3880
382 1177 432 1219 In
466 1175 603 1229 prima
630 1172 968 1216 emendationum
1002 1168 1366 1222 Tbeognidearum
1394 1170 1517 1219 parte
1548 1167 1653 1209 vitia
1680 1168 1943 1222 potissimum
1982 1170 2178 1223 graviora
2211 1169 2365 1223 quibus
2406 1171 2643 1215 sententiae

249 1260 421 1303 prorsus
451 1259 674 1303 perversae
704 1249 825 1290 erant
850 1246 1096 1298 persecutus
1124 1254 1228 1285 sum.
1260 1239 1339 1284 Est
1367 1241 1493 1283 etiam
1522 1252 1606 1283 non
1636 1240 1815 1295 exiguus
1844 1243 2091 1286 mendorum
2111 1254 2323 1295 numerus,
2352 1243 2503 1297 quibus
2522 1248 2640 1288 recta

250 1325 293 1364 et.
322 1320 507 1374 genuina
535 1318 698 1363 dicendi
724 1317 832 1361 ratio
848 1315 1094 1359 oblitterata
1121 1316 1197 1357 est.
1227 1313 1377 1378 liorum
1405 1313 1632 1359 nonnullos
1658 1313 1702 1355 in
1731 1313 1812 1356 hac
1841 1314 1976 1358 altera
2001 1315 2352 1359 commentatione
2380 1319 2567 1360 tractare
2596 1317 2639 1360 in

248 1393 387 1436 animo
417 1396 494 1436 est.

386 1463 437 1506 In
469 1463 520 1507 iis
548 1474 657 1516 quae
684 1474 723 1504 v.
755 1463 832 1502 117
866 1471 950 1512 seq.
978 1459 1075 1502 libri
1103 1457 1281 1501 habent:

779 1529 983 1588 κιβδήλου
1013 1531 1049 1573 δ’
1079 1524 1239 1585 οἷνδρός
1267 1531 1426 1585 γνῶναι
1453 1525 1761 1585 χαλεπώτερον
1794 1525 1931 1582 οὐδέν,

833 1601 982 1659 Κύρν’,
1012 1597 1101 1646 οὐδ’
1132 1597 1332 1658 εὖλαβίης
1361 1601 1454 1644 ἐστὶ
1481 1601 1586 1658 περὶ
1614 1601 1812 1653 πλέονος.

219 1700 222 1703 ·
251 1680 577 1726 construebant:
606 1673 696 1722 οὔὸ*
728 1676 821 1722 ἐστὶ
848 1677 954 1733 περὶ
981 1676 1169 1727 πλέονος
1196 1670 1410 1731 εὕλαβίης,
1437 1674 1548 1728 quod
1579 1674 1700 1717 nihili
1728 1678 1805 1728 est,
1834 1674 2141 1720 Herwerdenus
2158 1688 2255 1720 cum
2276 1676 2536 1721 Camerario:
2566 1678 2639 1721 καὶ

249 1746 374 1796 οὐδὲν
393 1751 498 1806 περὶ
517 1747 704 1802 πλέονός
725 1747 843 1794 ἐστιν
857 1744 1079 1805 εὕλαβίηςε
1102 1744 1196 1792 ‘nec
1223 1747 1452 1802 quidquam
1480 1752 1548 1790 est
1575 1748 1745 1791 cautela
1774 1748 2075 1802 praestantius,
2103 1748 2189 1792 scil.
2218 1749 2263 1792 in
2292 1761 2372 1792 usu
2398 1743 2638 1794 hominum'.

245 1827 319 1871 sed
347 1827 453 1870 haec
482 1837 534 1868 ex
559 1824 734 1869 arbitrio
764 1824 911 1867 addita
939 1827 1050 1881 sunt.
1103 1825 1232 1877 poeta
1259 1825 1302 1865 et
1330 1821 1454 1875 plene
1483 1824 1526 1863 et
1554 1820 1678 1874 plane
1706 1832 1756 1864 ac
1786 1819 1967 1863 dilucide
1994 1820 2122 1864 dixit:
2149 1832 2286 1874 neque
2314 1824 2380 1865 est
2409 1822 2518 1875 quod
2547 1835 2636 1866 ma—

247 1899 347 1943 ioris
378 1899 433 1943 sit
465 1897 655 1942 cautelae
686 1898 711 1940 i.
740 1909 775 1940 e.
804 1890 894 1939 οὗδ’
928 1892 1045 1939 ἔστιν
1075 1892 1187 1951 ὅπερ
1214 1886 1241 1954 ᾗ
1270 1885 1455 1945 πλέονος
1483 1887 1723 1949 εὖλαβείης.
1781 1894 1861 1942 hoc
1899 1893 2030 1947 igitur
2057 1894 2119 1936 illi
2147 1895 2361 1937 reddimus
2393 1895 2635 1939 scribendo:

780 1962 988 2023 κιβδήλου
1022 1960 1061 2009 δ”
1089 1959 1249 2021 οἷνδρός
1277 1967 1433 2021 γνῶναι
1463 1961 1770 2021 χαλεπώτερον
1801 1960 1937 2018 οὐδέν,

836 2036 985 2095 Κύρν’,
1017 2033 1107 2082 οὔδ’
1138 2031 1338 2094 εὖλαβίης
1367 2035 1466 2081 ἔσθ’
1499 2035 1610 2094 ὅπερ
1641 2028 1668 2098 ᾗ
1694 2037 1894 2089 πλέονος.

249 2115 381 2158 Simili
413 2113 535 2157 modo
565 2116 609 2157 et
638 2116 777 2156 ortum
804 2113 971 2156 videtur
997 2117 1041 2156 et
1067 2113 1359 2166 corrigendum
1387 2112 1531 2155 vitium
1558 2112 1602 2154 in
1632 2110 1683 2154 fr.
1709 2124 1747 2154 v.
1782 2112 1888 2153 1063
1919 2123 2053 2167 scqq.:

779 2184 823 2228 ἐν
852 2184 888 2228 δ’
914 2181 1000 2243 ἥβῃ
1029 2181 1150 2239 πάρα
1177 2183 1256 2239 μὲν
1283 2181 1356 2238 ξὺν
1388 2180 1557 2241 ὃμήλικι
1586 2181 1800 2238 πάννυχον
1828 2181 1980 2239 εὕδειν,

835 2253 1023 2312 ὶμερτῶν
1053 2254 1191 2313 ἔργων
1220 2255 1268 2310 ἐξ
1295 2254 1396 2311 ἔρον
1427 2252 1609 2312 ἱέμενον,

777 2327 870 2373 ἔστι
900 2329 948 2373 δὲ
974 2326 1228 2385 κωμάζοντα
1257 2331 1350 2384 μετ’
1381 2323 1619 2388 αὖλητῆρος
1642 2323 1814 2374 ἀείδειν.

828 2399 998 2446 ’τούτων
1027 2398 1151 2446 οὐδέν
1183 2419 1253 2446 τοι
1283 2396 1374 2445 ἄλλ’
1406 2400 1772 2459 ἒπιτερπνότερον

780 2470 983 2531 ἆνδράσιν
1011 2470 1087 2533 ἥδέ
1114 2476 1277 2532 γυναιξί
1306 2492 1343 2518 κ.
1373 2492 1410 2519 τ.
1443 2476 1479 2518 λ.

250 2548 320 2591 ubi
349 2563 418 2591 τοι
448 2539 554 2590 ἄλλο
584 2549 626 2590 in
654 2548 760 2592 duas
787 2549 964 2592 divisum
996 2549 1182 2604 syllabas
1213 2560 1411 2601 arsesque
1440 2561 1570 2593 causa
1591 2549 1673 2592 suit
1690 2553 1738 2592 ut
1757 2549 1977 2602 sequentia
1993 2549 2326 2593 decurtarentur.
2357 2549 2512 2593 dictum
2534 2550 2621 2593 scil.

247 2619 328 2663 fuit
362 2620 450 2664 hic:
487 2614 612 2663 οὐδέν
638 2636 708 2664 τοι
736 2613 844 2664 ἄλλο
876 2619 993 2665 ἔστιν
1022 2617 1061 2676 ὅ,
1089 2637 1131 2663 τι
1160 2618 1452 2676 τερπνότερον
1480 2617 1648 2672 τούτων
1677 2615 1879 2676 ἀνδράσιν
1908 2615 1983 2677 ἧδέ
2010 2621 2184 2677 γυναιξί.
2215 2623 2326 2675 quod
2354 2622 2539 2665 numeris
2571 2623 2632 2665 in·

248 2693 410 2736 clusum
438 2693 495 2735 sic
527 2693 690 2747 prodit:

778 2761 945 2807 τούτων
978 2758 1102 2808 οὐδέν
1128 2759 1247 2807 τᾶλλ’
1280 2762 1380 2808 ἔσθ’
1412 2760 1450 2813 ὅ,
1485 2778 1525 2805 τι
1555 2759 1845 2818 τερπνότερον

836 2831 1043 2893 ἀνδράσιν
1075 2832 1149 2895 ἧδέ
1175 2836 1347 2893 γυναιξί.

380 2981 431 3024 In
461 2992 500 3023 v.
536 2983 642 3023 1029
675 2993 811 3035 seqq.:

775 3050 925 3108 τόλμα,
954 3053 1085 3108 θυμὲ,
1113 3056 1308 3097 κακοῖσιν
1338 3050 1458 3108 ὅμως
1487 3046 1651 3108 ἄτλητα
1678 3049 1941 3102 πεπονθώς·

827 3125 982 3168 δειλῶν
1008 3141 1077 3168 τοι
1106 3125 1257 3181 κραδίη
1285 3125 1444 3181 γίνεται
1474 3119 1665 3181 ὄξυτέρη.

775 3196 883 3253 μηδὲ
911 3195 964 3240 σύ
993 3199 1030 3254 γ’
1058 3192 1348 3254 οἷπρήκτοισιν
1371 3196 1441 3240 ἐπ’
1471 3194 1674 3253 ἔργμασιν
1700 3190 1828 3252 ἷίλγος
1854 3191 1990 3249 ἀέξων

835 3267 959 3322 ἔχθει
988 3270 1085 3325 μηδ’
1116 3267 1240 3323 ἔχθει
1268 3269 1377 3326 μηδὲ
1406 3269 1562 3327 φίλους
1588 3264 1685 3312 ἇνία

771 3341 870 3397 μηδ’
900 3339 1087 3397 ἐχθρούς
1115 3335 1331 3399 εὔφραινε.
1367 3358 1404 3384 κ.
1432 3358 1469 3386 τ.
1507 3343 1543 3385 λ.
