2930 3880
1485 350 1547 396 14

861 475 972 521 ἔνθα
998 477 1132 534 μέσην
1160 477 1264 531 περὶ
1289 477 1428 520 παῖδα
1454 472 1600 530 βαλών
1628 469 1795 530 ἀγκῶνα
1823 475 1978 532 φίλημι

914 547 1071 607 δειρὴν,
1101 547 1126 606 ἡ
1156 549 1203 593 δὲ
1232 549 1354 604 τέρεν
1385 546 1587 604 φθέγγετ’
1617 541 1708 590 ἀπὸ
1735 544 1963 601 στόματος.

458 694 539 736 Sed
567 693 671 738 fines
704 705 848 737 eorum
878 707 944 737 me
975 694 1165 747 attigisse
1192 691 1324 734 sentio
1355 701 1464 742 quae
1495 688 1713 732 deficiente
1744 690 1944 734 orationis
1972 691 2256 744 perpetuitate
2286 691 2482 744 ambigua
2508 693 2624 735 sunt:
2653 692 2708 736 ad

322 766 503 808 certiora
522 769 721 810 revertor.
753 766 844 816 Est,
876 766 944 809 ubi
973 767 1151 808 duorum
1184 762 1498 805 enuntiatorum
1531 761 1640 802 inter
1671 772 1715 802 se
1744 761 2028 814 oppositorum
2059 762 2241 805 alterum
2270 762 2540 806 obscuratum
2571 765 2638 807 sit.
2666 765 2710 808 in

321 836 389 879 his
410 837 541 891 igitur
566 838 664 881 loeis
690 839 985 891 conparatione
1006 837 1086 878 rite
1112 835 1305 876 instituta
1330 844 1382 875 ex
1409 832 1542 875 altero
1573 832 1755 874 alterum
1785 833 1904 884 quasi
1931 833 2264 876 resuscitandum
2294 838 2370 878 est.
2401 835 2448 877 V.
2470 838 2574 877 1203
2592 848 2706 891 seqq.

323 911 363 952 in
396 911 603 953 codicibus
629 911 804 962 legitur:

848 974 925 1021 σι’-κ
958 972 1055 1031 εἶμ’,
1084 970 1177 1019 ov'd’
1210 972 1283 1018 ὑπ’
1316 975 1422 1030 ἐμοῦ
1451 972 1715 1031 κεκλήσεται,
1747 970 1835 1017 οὔδ’
1867 974 1940 1017 ἐπὶ
1970 976 2120 1031 τύμβῳ

903 1048 1143 1103 οἱμωχθείς
1171 1045 1261 1092 ὑπὸ
1292 1050 1370 1104 γῆν
1399 1043 1485 1091 εἶσι
1517 1044 1723 1103 τύραννος
1752 1043 1869 1104 ἀνὴρ.

847 1117 935 1164 οὐδ’
967 1117 1018 1163 ἂν
1046 1120 1210 1172 ἐκεῖνος
1238 1120 1345 1175 ἐμοῦ
1373 1117 1613 1176 τεθνηότος
1643 1113 1731 1162 οὔτ’
1764 1114 1926 1176 α’νιῴτο

904 1188 1004 1237 oiim
1034 1191 1141 1236 κατὰ
1170 1191 1403 1251 βλεφάρων
1434 1190 1596 1248 δάκρυα
1625 1190 1772 1247 θερμὰ
1798 1189 1937 1247 βάλοι.

319 1271 433 1314 Sana
470 1275 534 1314 est
567 1271 700 1313 altera
734 1281 851 1323 pars:
892 1262 982 1309 οὔδ’
1019 1266 1092 1309 ἐπὶ
1129 1263 1279 1323 τύμβῳ
1315 1265 1556 1321 οἱμωχθείς
1590 1263 1688 1308 ὑπὸ·
1709 1267 1788 1321 γῆν
1820 1260 1905 1308 εἶσι
1934 1263 2137 1320 τύραννος
2173 1261 2293 1324 ἀνήρ.
2342 1270 2385 1312 in
2415 1282 2499 1323 qua
2528 1284 2623 1314 cum
2652 1273 2706 1316 de

319 1350 485 1386 mortuo
515 1354 651 1385 sermo
681 1342 747 1393 sit,
778 1341 878 1393 quid
910 1340 1174 1383 verisimilius
1203 1352 1330 1392 quam
1364 1340 1405 1381 in
1437 1340 1574 1382 altera
1602 1343 1722 1394 parte
1753 1351 1860 1391 quae
1889 1352 1998 1382 nune
2032 1340 2242 1383 sententia
2271 1342 2548 1395 respondente
2577 1348 2704 1398 caret,

316 1416 369 1459 de
396 1416 487 1457 vivo
514 1414 673 1466 aliquid
694 1414 850 1456 dietum
885 1413 1041 1456 fuisse?
1072 1417 1120 1455 ut
1149 1413 1358 1455 sententia
1386 1411 1535 1454 fuerit:
1567 1415 1770 1466 tyrannus
1797 1423 1931 1464 neque
1964 1412 2083 1454 vivus
2113 1424 2138 1454 a
2168 1424 2234 1454 me
2261 1413 2541 1457 celebrabitur
2568 1428 2706 1471 neque

317 1491 506 1531 mortuus
534 1486 758 1540 lugebitur.
817 1486 906 1528 Hoc
934 1489 1076 1528 autem
1105 1486 1261 1538 legitur
1287 1486 1358 1528 ubi
1388 1497 1496 1538 quae
1524 1485 1642 1527 initio
1671 1496 1816 1526 versus
1842 1483 2000 1527 tradita
2029 1487 2130 1527 sunt
2160 1484 2298 1528 frusta
2332 1486 2471 1530 inania
2512 1482 2590 1530 οὐκ
2617 1483 2701 1544 εἶμ’

317 1557 405 1601 οὐδ’
437 1560 479 1601 in
507 1571 628 1601 voces
656 1552 738 1600 οὐκ
770 1555 964 1612 ἔμπνους
995 1559 1273 1603 coniunxeris:

848 1626 935 1673 Οὔκ
967 1629 1160 1685 ἐζιιπνους
1188 1627 1261 1671 ὑπ’
1292 1629 1398 1684 ἐμοῦ
1428 1625 1678 1685 κεκλῄσεται
1704 1621 1794 1669 οὔδ’
1827 1626 1902 1669 ε’πί
1929 1626 2076 1683 τύμβῳ

900 1703 1139 1758 οἷμωχθεὶς
1168 1699 1257 1745 ὑπὸ
1283 1704 1359 1758 γῆν
1387 1696 1473 1744 εἶσι
1501 1697 1706 1754 τύραννος
1736 1694 1854 1756 ἆνήρ.

313 1771 581 1832 (κεκλῄσεται
603 1776 688 1819 iam
706 1776 1010 1819 Herwerdenus
1040 1774 1269 1828 proposuit,
1307 1773 1468 1823 sedita
1498 1776 1546 1815 ut
1577 1767 1654 1815 οὐκ
1686 1770 1834 1830 αἶ’νοις,
1866 1770 2019 1828 οἴμοις,
2052 1771 2212 1829 ὕμνοις,
2246 1772 2440 1831 θρήνοις,
2468 1778 2557 1821 sim.
2579 1791 2703 1832 prae-

313 1847 532 1904 mitteret).

446 1921 494 1963 In
525 1933 562 1963 v.
598 1922 702 1961 1259
725 1931 856 1974 seqq.:

837 1984 882 2035 Ὦ
912 1996 1006 2044 παῖ,
1040 1990 1117 2050 τὴν
1145 1990 1322 2049 μορφὴν
1350 1990 1428 2046 μὲν
1453 1989 1562 2049 ἔφυς
1590 1987 1731 2043 καλὸς,
1762 1986 1850 2047 ἀλλ’
1883 1990 2095 2034 ἐπίκειται

896 2062 1101 2120 καρτερὸς
1130 2060 1342 2120 α’γνώμων
1370 2066 1424 2121 σῇ
1453 2063 1620 2121 κεφαλῇ
1651 2062 1882 2120 στέφανος·

839 2137 999 2181 ἰκτίνου
1030 2134 1107 2194 γὰρ
1141 2134 1252 2190 ἔχεις
1281 2131 1571 2192 ἇγχιστρόφου
1603 2135 1646 2178 ἐν
1675 2135 1830 2193 φρεσὶν
1862 2127 1986 2192 ἦθος,

894 2210 1046 2252 ὄειλιῦν
1074 2204 1327 2264 ἀνθρώπων
1357 2206 1514 2265 ῥήμασι
1544 2206 1826 2262 πειθόμενος.
2454 2267 2457 2270 ,

310 2285 517 2339 Bergkius
546 2298 622 2339 pro
650 2278 859 2340 ἆγνώμων
888 2283 1064 2327 coniecit
1092 2281 1308 2336 ἀμμωνῶν
1337 2282 1363 2324 i.
1394 2295 1428 2324 e.
1460 2275 1705 2336 ἀνεμωνῶν,
1737 2283 1848 2335 quod
1882 2283 2046 2325 cuinam
2075 2295 2157 2326 non
2188 2285 2333 2327 adrisit
2360 2286 2494 2338 primo
2515 2288 2697 2332 obtutu?

312 2358 369 2401 At
398 2361 539 2401 tamen
566 2358 665 2412 quid
693 2363 792 2400 tunc
824 2352 1062 2411 καρτερός-’ἓ
1103 2360 1145 2398 et
1173 2355 1243 2398 ubi
1270 2355 1441 2398 tandem
1470 2355 1568 2397 talis
1598 2355 1824 2408 allegoriae
1853 2355 2046 2408 exempla
2071 2356 2302 2410 leguntur?
2346 2358 2505 2401 Vereor
2533 2371 2584 2403 ne
2614 2372 2697 2403 vox

308 2429 521 2473 ἐπίκειται
545 2431 622 2473 sibi
642 2431 735 2484 ipsa
764 2429 1049 2483 procreaverit
1077 2428 1307 2471 subiect-um
1329 2428 1502 2479 vulgare
1531 2426 1754 2483 στέφανος,
1787 2440 1812 2469 a
1838 2430 1965 2480 poeta
1995 2431 2137 2471 autem
2170 2430 2222 2486 τῇ
2252 2429 2358 2487 καλῇ
2387 2432 2537 2488 μορφῇ
2569 2443 2697 2486 oppo-

307 2502 414 2544 situs
439 2500 566 2543 fuerit
592 2498 810 2556 καρτερὸς,
843 2494 1056 2555 α’γνώμων
1081 2531 1090 2542 .
1115 2533 1124 2542 .
1149 2533 1158 2542 .
1180 2494 1281 2549 νόος
1313 2503 1355 2541 et
1383 2500 1436 2557 σῇ
1466 2499 1631 2556 κεφαλῇ
1661 2498 1874 2556 στέφανος
1908 2512 1960 2542 ex
1992 2499 2064 2541 σοὶ
2093 2500 2315 2559 κεφαλῇφι
2346 2498 2444 2552 νόος
2474 2506 2613 2546 ortum
2643 2503 2697 2546 sit

311 2573 381 2629 (cf.
411 2575 583 2616 Theocr.
616 2577 682 2626 24,
716 2576 792 2614 116
824 2575 947 2615 τοῖον
971 2569 1219 2614 ἐπισκύνιον
1247 2571 1447 2627 βλοσυρῷ
1479 2570 1675 2614 ἐπέκειτο
1705 2567 1974 2627 προσώπῳ);

833 2635 882 2686 Ὦ
910 2648 1003 2696 παῖ,
1035 2641 1114 2700 τήν
1142 2642 1317 2701 μορφὴν
1345 2643 1422 2697 μὲν
1452 2641 1561 2701 ἔφυς
1590 2639 1731 2696 καλὸς,
1760 2636 1849 2684 ἀλλ’
1883 2642 2097 2686 ἐπίκειται

891 2714 1097 2772 καρτερὸς
1124 2710 1332 2772 ἀγνώμων
1361 2716 1432 2758 σοὶ
1462 2716 1680 2773 κεφαλῇφι
1710 2711 1811 2765 νόος
1840 2730 1875 2757 κ.
1905 2730 1942 2757 τ.
1972 2715 2009 2757 λ.

439 2788 574 2831 Valde
605 2790 731 2832 torsit
764 2790 948 2833 editores
982 2791 1107 2832 etiam
1138 2789 1287 2843 fragm.
1316 2801 1354 2830 v.
1387 2791 1465 2830 359
1481 2801 1586 2841 seq:

838 2861 966 2917 ΗΙηδὲ
994 2861 1088 2918 λίην
1112 2859 1336 2917 ἑπίφαινε·
1366 2857 1576 2914 wudu-‚65
1602 2875 1656 2913 τι,
1687 2855 1832 2914 Κύρν’,
1863 2859 2107 2917 ἐπιφαίνων

893 2930 1087 2988 παύρους
1115 2931 1352 2989 κηὸέμονας
1382 2934 1460 2988 σῆς
1489 2929 1723 2988 κακότητος
1755 2930 1876 2985 ἔχεις.

305 3009 583 3060 Temptarunt
613 3005 782 3049 Geelius
811 3002 908 3062 μήδ’
941 2999 1072 3061 ἆνίην,
1103 3005 1319 3048 Nauckius
1346 3004 1455 3060 μηδὲ
1484 3002 1598 3060 δύην,
1627 3005 1833 3057 Bergkius
1860 3006 2042 3058 primum
2075 3003 2135 3061 μή
2167 3005 2330 3061 πενίην.
2379 3006 2531 3058 quibus
2560 3007 2691 3049 omni·

304 3081 384 3122 bus
412 3079 565 3132 opponi
595 3089 677 3119 non
707 3079 896 3130 potuisse
925 3074 1056 3125 κακὸν
1085 3076 1132 3119 δέ
1162 3079 1204 3118 τι
1234 3074 1477 3133 ἐπιφαίνων
1505 3077 1688 3120 sentiens
1720 3077 1923 3130 Bergkius
1951 3078 1995 3122 in
2025 3078 2133 3120 curis
2163 3078 2373 3121 secundis:
2411 3074 2510 3120 ‘non
2534 3082 2689 3130 tamen,

305 3151 452 3203 inquit,
484 3149 841 3200 dissimulandum,
875 3151 1132 3193 contrarium
1163 3148 1476 3192 convenientius
1507 3142 1625 3192 esse.³
1677 3161 1787 3191 nune
1825 3143 2029 3205 εὖπελίην
2060 3149 2262 3206 ἑπίφαινε
2304 3149 2475 3192 coniecit
2511 3161 2688 3202 cumque

307 3222 400 3266 huie
426 3222 586 3264 formae
614 3221 703 3276 ipse
732 3221 951 3273 diffideret,
982 3234 1116 3274 neque
1146 3221 1275 3264 etiam
1305 3215 1525 3276 εὖπαθίην
1553 3222 1748 3274 placeret,
1779 3222 1821 3263 in
1849 3220 1981 3276 μηδὲν
2008 3219 2085 3277 λὴν
2111 3222 2335 3276 adquievit.
2378 3221 2473 3264 dein
2501 3222 2690 3264 Her-wer-

306 3293 435 3334 denus
464 3292 607 3335 eadem
641 3294 816 3346 vestigia
845 3294 1037 3336 sollerter
1066 3297 1251 3336 secutus:
1296 3288 1401 3347 ἡδέα
1430 3292 1550 3346 μοῦν’
1583 3292 1786 3350 ἑπίφαινε
1818 3295 2036 3347 proposuit
2067 3282 2254 3347 locisque
2282 3294 2485 3337 similibus
2510 3293 2687 3346 probare

304 3365 477 3407 studuit.
518 3364 599 3408 Sed
632 3365 811 3418 primum
841 3378 933 3408 cum
964 3365 1050 3408 cod.
1081 3365 1117 3406 A
1145 3361 1276 3407 κακὸν
1302 3363 1349 3406 δέ
1377 3379 1424 3406 τε
1454 3366 1727 3408 scribendum.
1772 3367 1854 3409 iam
1887 3378 1995 3409 nunc
2024 3367 2175 3410 melius
2204 3367 2462 3419 intellegitur
2488 3366 2528 3406 in
2549 3364 2685 3407 altero
