2930 3880
335 1175 692 1220 Emendationum
725 1171 1089 1226 Theognidearum
1123 1169 1236 1224 parti
1264 1168 1389 1212 alteri
1420 1169 1609 1222 proximo
1646 1182 1757 1213 anno
1787 1171 1937 1224 editae,
1981 1183 2109 1225 quam
2139 1171 2194 1214 ad
2224 1171 2354 1232 finem?
2376 1173 2606 1227 perducere

201 1261 338 1304 neque
377 1248 552 1292 chartae
589 1257 725 1300 neque
761 1244 962 1297 temporis
990 1242 1224 1296 ‘angustiae
1262 1245 1364 1284 tunc
1403 1241 1721 1295 permittebant,
1764 1243 1935 1286 tertiam
1975 1244 2078 1287 data
2113 1245 2329 1289 occasione
2358 1245 2605 1290 submittam

202 1320 469 1376 particulam.
529 1331 712 1372 namque
754 1317 951 1360 vitiorum
992 1314 1244 1369 praesertim
1278 1312 1616 1367 reconditiorum,
1664 1327 1772 1368 quae
1802 1317 2135 1360 emendationem
2166 1317 2423 1374 desiderant,
2468 1319 2509 1362 in
2540 1319 2606 1363 his

202 1391 454 1448 fragmentis
487 1394 655 1434 mature
682 1384 734 1432 ab
764 1388 996 1432 carminum
1026 1388 1287 1441 integrorum
1316 1386 1613 1440 perpetuitate
1630 1387 1791 1431 avulsis
1832 1388 1961 1431 etiam
1987 1392 2084 1443 post
2111 1390 2306 1444 egregias
2339 1391 2604 1445 egregiorum

204 1465 389 1508 virorum
427 1475 550 1507 curas
589 1461 702 1506 haud
732 1472 833 1504 sane
870 1460 1011 1514 inopia
1040 1464 1117 1503 est.
1177 1458 1444 1513 Quamquam
1479 1471 1562 1502 non
1590 1462 1732 1512 potest
1762 1459 1885 1503 hodie
1914 1459 2066 1514 ubique
2096 1462 2259 1504 restitui
2290 1461 2332 1504 id
2362 1462 2475 1515 quod
2504 1463 2604 1506 olim

203 1538 244 1580 in
276 1535 529 1581 carminibus
559 1534 735 1589 integris
763 1533 968 1587 scriptum
997 1537 1114 1576 erat:
1169 1532 1367 1586 quoniam
1404 1543 1554 1574 manus
1591 1532 1682 1575 eius
1723 1532 1796 1585 qui
1834 1531 1943 1576 hanc
1980 1531 2312 1587 fragmentorum
2347 1532 2601 1590 farraginem

203 1606 391 1659 confecit,
437 1616 522 1650 non
549 1617 685 1660 pauca
714 1616 767 1647 ex
796 1603 969 1647 arbitrio
997 1602 1193 1656 diffinxit,
1237 1604 1320 1648 alia
1350 1615 1460 1657 quae
1488 1615 1572 1647 non
1610 1603 1895 1648 cohaerebant
1923 1605 2158 1658 copulando
2187 1608 2319 1659 utque
2355 1606 2507 1650 melius
2537 1618 2603 1651 co·

162 1675 170 1683 ’
203 1679 342 1734 pulari
378 1681 552 1734 possent
589 1676 862 1731 immutando,
902 1676 986 1720 alia
1023 1688 1133 1730 quae
1171 1688 1331 1720 conexa
1368 1679 1491 1720 erant
1527 1688 1622 1719 eum
1655 1676 1764 1729 aliis,
1806 1679 1855 1719 ut
1882 1675 2033 1720 melius
2060 1689 2135 1731 per
2163 1689 2208 1720 se
2238 1679 2415 1730 starent,
2463 1678 2603 1732 aliquo

204 1751 326 1795 modo
353 1749 639 1794 retractando,
698 1748 816 1799 Quae
847 1747 1099 1802 compilandi
1134 1747 1503 1801 interpolandique
1534 1747 1704 1792 licentia
1741 1751 1904 1802 quanta
1943 1748 2084 1802 fuerit,
2132 1750 2173 1791 in
2209 1750 2424 1793 nonnullis
2464 1750 2603 1794 adhuc

204 1823 426 1868 ohservare
465 1822 565 1866 licet
596 1821 811 1875 exemplis,
855 1820 926 1863 ubi
957 1821 1123 1875 integra
1160 1821 1349 1863 carmina
1387 1821 1475 1864 sive
1503 1821 1581 1865 loci
1615 1833 1762 1865 eorum
1792 1822 2052 1876 integriores,
2095 1834 2147 1865 ex
2181 1822 2333 1875 quibus
2364 1822 2602 1875 fragmenta

209 1892 410 1950 excerpta
441 1898 553 1948 sunt,
581 1894 700 1938 nobis
734 1895 891 1938 servati
914 1897 1024 1939 sunt
1054 1893 1123 1938 Sic
1150 1894 1192 1936 in
1222 1906 1288 1936 vv.
1322 1895 1429 1936 1003
1447 1905 1586 1947 seqq.:

722 1964 822 2010 ‘'Hd’
853 1961 998 2025 ἀρετὴ,
1026 1964 1117 2009 τόδ’
1150 1959 1315 2010 ὄέεθλον
1348 1965 1393 2009 ἐν
1420 1962 1727 2020 ἀνθριι’ποισιν
1766 1959 1945 2021 ἄριστον

788 2035 1016 2084 κάλλιστόν
1044 2054 1091 2082 τε
1122 2038 1272 2097 φέρειν
1299 2038 1460 2094 γίνεται
1487 2038 1616 2093 ἀνδρὶ
1645 2040 1791 2096 σοφῷ.

734 2110 858 2166 ξυνὸν
889 2112 925 2155 δ’
957 2109 1123 2155 ἐσθλὸν
1152 2113 1283 2154 τοῦτο
1312 2108 1453 2167 πόληΐ
1474 2127 1521 2154 τε
1552 2111 1683 2154 παντί
1715 2127 1762 2154 τε
1787 2107 1926 2168 δήμῳ,

795 2182 917 2237 ὅστις
946 2179 1054 2241 ἀνὴρ
1087 2183 1238 2239 διαβὰς
1268 2183 1312 2226 ἐν
1342 2181 1610 2239 προμάχοισι
1640 2183 1759 2242 μένῃ.

205 2260 276 2313 qui
304 2260 462 2313 sumpti
490 2262 590 2302 sunt
619 2270 670 2302 ex
696 2259 887 2302 versibus
917 2258 1087 2313 Tyrtaei
1119 2258 1180 2312 (B.
1214 2259 1279 2310 12,
1311 2259 1362 2300 10
1379 2260 1533 2312 seqq.):

790 2325 842 2375 οὗ
870 2328 948 2387 γᾴρ
976 2325 1085 2387 οἷνηρ
1118 2325 1290 2386 α’γαθός
1318 2330 1503 2386 γίγνεται
1534 2329 1578 2372 ἐν
1608 2330 1806 2387 πολέμῳ,

732 2401 770 2446 εἷ
801 2401 860 2461 μὴ
888 2402 1060 2460 τετλαίη
1091 2403 1170 2458 μὲν
1197 2400 1315 2458 ὁρῶν
1346 2398 1481 2458 φόνον
1508 2399 1771 2457 αἱματόεντα

789 2476 861 2519 καὶ
890 2475 1024 2532 δηΐων
1054 2469 1234 2530 ὄρέγοιτ’
1269 2472 1449 2531 ἐγγύθεν
1480 2472 1718 2530 ἱστάμενος.

735 2546 796 2606 ἥδ’
832 2545 981 2606 ἀρετή,
1011 2544 1099 2591 τόδ’
1131 2542 1301 2592 ἄεθλον
1331 2547 1376 2590 ἐν
1404 2542 1710 2603 ἀνθρώποισιν
1741 2541 1918 2603 ἄριστον

790 2619 1018 2666 κάλλιστόν
1045 2638 1092 2664 τε
1122 2621 1271 2679 φέρειν
1298 2621 1483 2677 γίγνεται
1514 2615 1641 2676 ἄνδρί
1670 2621 1764 2678 νέῳ.

738 2692 863 2748 ξυνὸν
892 2695 929 2738 δ’
961 2691 1124 2738 ἐσθλὸν
1153 2695 1282 2736 τοῦτο
1313 2690 1451 2749 πόληΐ
1475 2709 1523 2736 τε
1551 2693 1683 2736 παντί
1711 2709 1758 2736 τε
1791 2690 1930 2750 δήμῳ,

789 2764 909 2817 ὅστις
936 2760 1046 2821 α’νήρ
1077 2762 1229 2819 διαβὰς
1258 2764 1302 2807 ἐν
1331 2761 1598 2819 προμάχοισι
1624 2765 1731 2822 μένῃ

734 2837 971 2893 νωλεμέως,
1001 2836 1180 2892 αἰσχρᾶς
1210 2836 1258 2880 δὲ
1290 2839 1433 2894 φυγῆς
1463 2836 1537 2879 ἐπὶ
1565 2834 1704 2893 πάγχυ
1741 2835 1943 2895 λάθηται,

790 2907 936 2967 ψυχήν
964 2910 1036 2953 καὶ
1064 2907 1211 2964 θυμὸν
1239 2905 1430 2965 τλήμονα
1458 2909 1740 2965 παρθέμενος
1765 2927 1802 2953 κ.
1830 2926 1867 2954 τ.
1898 2911 1934 2952 λ.

206 2985 432 3038 breviator,
475 2995 584 3037 quae
610 2983 664 3027 ad
691 2984 998 3027 sentent-iarum
1028 2982 1324 3034 communium,
1362 2993 1469 3036 quas
1498 2981 1712 3034 captabat,
1745 2980 1924 3024 formam
1954 2982 2144 3035 proxime
2171 2982 2368 3026 accedere
2398 2981 2595 3024 videban-

205 3060 276 3099 tur
313 3056 484 3110 eligens,
529 3054 666 3099 verbis
702 3052 765 3112 ἧδ’
809 3050 956 3112 οἷρετὴ,
996 3051 1086 3097 τόδ’
1126 3047 1306 3108 ἄεθλον,
1349 3054 1516 3098 omissis
1557 3054 1607 3098 iis
1646 3054 1699 3096 ad
1741 3066 1851 3109 quae
1888 3055 2002 3108 apud
2032 3055 2261 3111 Tyrtaeum
2293 3053 2594 3108 referebantur,

204 3133 424 3181 tamquam
452 3126 665 3181 prooemio
694 3127 797 3170 usus
826 3129 893 3170 est
921 3126 975 3170 ad
1001 3125 1223 3179 sequentia
1253 3115 1483 3170 referendo.
1539 3127 1580 3168 in
1613 3127 1765 3180 quibus
1808 3126 1908 3181 ipsis
1939 3128 2092 3171 maluit
2127 3121 2249 3181 ἀνδρὶ
2288 3127 2417 3183 σοφῷ
2446 3128 2595 3179 utpote

205 3200 334 3244 latius
354 3201 506 3252 patens
537 3197 719 3243 scribere
748 3209 876 3252 quam
905 3192 1029 3254 ἀνδρὶ
1063 3197 1159 3255 νέῳ.
1191 3202 1234 3241 et
1253 3210 1362 3252 quae
1383 3200 1574 3253 sequitur
1601 3197 1816 3243 s‘ententia
1842 3212 1936 3244 eum
1965 3204 2060 3254 post
2079 3201 2259 3254 primum
2280 3200 2594 3252 pentametrum

204 3272 309 3317 satis
343 3270 529 3316 rotunda
559 3283 652 3315 esse
681 3270 906 3324 videretur,
946 3271 1110 3324 reliqua
1140 3271 1336 3314 omittere
1372 3272 1506 3315 satius
1535 3272 1693 3316 habuit.
1753 3272 1830 3315 Vel
1857 3272 1992 3326 magis
2022 3273 2245 3316 arbitrarie
2276 3284 2299 3314 e
2330 3269 2460 3313 variis
2488 3270 2594 3314 locis

206 3343 419 3410 compilati
450 3345 552 3388 sunt
578 3355 643 3386 vv.
664 3345 744 3386 933
760 3355 900 3398 seqq.:
