2930 3880
1405 380 1454 420 13

372 502 422 545 V.
457 504 537 544 733
566 513 642 556 pro
671 498 842 553 σχέτλια
870 495 974 554 ἔργα
1001 495 1111 551 μετὰ
1139 498 1282 555 φρεσί,
1313 499 1425 552 quod
1447 501 1532 542 ΚΟ
1558 499 1727 552 habent,
1760 501 1801 542 in
1827 502 1879 540 A
1906 495 2159 556 ὁιατάφρεσι
2180 502 2381 555 scriptum
2411 506 2487 546 est.
2513 501 2624 545 unde

239 622 348 666 hoc?
379 634 431 666 ex
458 574 714 677 ίΖειέταφρεσι,
745 622 793 662 ut
813 618 960 662 Aesch.
981 618 1162 672 Choeph.
1189 631 1227 662 V.
1259 621 1338 661 319
1368 616 1637 675 ἰσοτίμοιρον
1667 574 2009 674 θΧίόῖῖτιμοιρον.
2040 619 2202 673 (Steph.
2224 622 2266 663 in
2287 621 2408 665 Thes.
2436 617 2571 675 εμετά
2587 633 2621 665 c.
2660 644 2666 655 x

242 695 328 739 dat.
361 707 427 748 ap.
456 696 564 747 poet.
591 691 801 735 interdum
831 703 907 745 pro
936 685 1036 734 διό.’
1065 692 1163 735 Hes.
1196 688 1501 744 μεταπόντιος,
1531 687 1796 745 διαπόντιος,
1827 692 1900 743 al.)

294 791 296 793 ·
350 766 491 817 Quae
519 778 557 808 v.
592 766 698 808 1095
728 765 947 818 leguntur:

766 835 962 880 Σκέπτεο
990 833 1043 894 δὴ
1074 838 1151 879 νῦν
1182 830 1323 889 ἄλλον,
1358 835 1456 890 ἐμοί
1483 850 1528 891 γε
1557 836 1636 890 μὲν
1665 829 1783 887 οὔτις
1809 830 1966 892 ἇνάγκη

822 909 948 952 τοῦθ’
981 907 1132 964 ἕρδειν,
1162 910 1250 951 τῶν
1274 925 1350 962 μοι
1378 903 1556 963 πρόσθε
1584 905 1705 963 χάριν
1733 908 1902 951 τίθεσο.

239 986 335 1040 post
365 997 403 1027 v.
437 985 544 1025 1160
574 983 682 1026 mira
708 983 915 1026 varietate
943 984 1002 1026 sic
1032 983 1189 1036 scripta
1217 985 1335 1025 sunt:

769 1046 804 1097 ὦ
833 1054 920 1097 νέοι
947 1051 987 1097 οἳ
1019 1055 1096 1096 νῦν
1125 1048 1288 1109 ἄνδρες,
1320 1052 1418 1107 ἐμοί
1444 1069 1490 1108 γε
1520 1052 1599 1106 μὲν
1626 1046 1744 1105 οἰῖτις
1772 1050 1927 1112 ἀνάγκη
1957 1071 1995 1099 κ.
2023 1071 2060 1098 τ.
2090 1056 2149 1099 λ.’

245 1129 367 1174 Unde
395 1129 568 1172 tandem
598 1128 702 1171 haec
732 1131 826 1172 orta
854 1129 984 1188 sunt?
1013 1126 1228 1180 putaveris
1257 1125 1434 1168 forsitan
1466 1127 1577 1179 quod
1609 1127 1650 1169 in
1678 1128 1928 1180 repetitione
1950 1129 2105 1183 legitur
2134 1130 2384 1183 particulam
2416 1142 2507 1173 esse
2535 1143 2628 1175 sen-

243 1202 405 1246 tentiae
434 1202 739 1244 huiuscemodi:
785 1191 820 1242 ιῧ
855 1199 944 1243 νέοι
972 1190 1082 1255 ἦσάν
1112 1213 1222 1241 ποτε
1261 1193 1301 1239 οἳ
1331 1199 1404 1238 νῦν
1434 1191 1586 1252 ἄνδρες
1618 1224 1667 1229 ——
1696 1199 1818 1254 longe
1849 1202 1942 1253 alia,
1974 1202 2076 1245 mihi
2107 1203 2238 1255 crede,
2269 1201 2420 1245 harum
2450 1203 2626 1256 ineptia·

240 1287 334 1319 rum
366 1275 482 1328 origo
497 1274 588 1317 fuit.
619 1273 673 1316 ad
704 1274 838 1316 locum
872 1272 1019 1325 quales
1047 1272 1226 1325 legimus
1255 1270 1297 1312 in
1326 1283 1365 1313 V.
1386 1273 1512 1314 1320:
1545 1262 1580 1313 ὦ
1610 1274 1706 1325 παῖ,
1737 1271 1835 1315 ε’πεί
1862 1289 1928 1316 τοι
1961 1274 2072 1317 δῶκε
2102 1271 2190 1318 θεὰ
2217 1271 2340 1330 χάριν
2369 1271 2627 1329 ἱμερόεσσαν

242 1343 432 1402 Κύπρις,
461 1345 538 1389 σὸν
569 1346 606 1388 δ’
637 1340 754 1396 εἶδος
782 1346 892 1387 πᾶσι
923 1344 1098 1387 νέοισι
1141 1343 1259 1398 μέλει
1294 1349 1337 1386 et
1365 1356 1402 1386 v.
1437 1346 1562 1386 1354:
1604 1342 1760 1399 πικρὸς
1789 1345 1859 1387 καὶ
1901 1343 2058 1401 γλυκύς
2091 1345 2182 1389 ἐστι
2211 1346 2281 1389 καὶ
2310 1343 2529 1401 ἆρπαλέος
2557 1348 2626 1390 καὶ

203 1416 205 1418 ’
240 1413 424 1476 οἷπηνής,
454 1411 573 1476 ὄφρα
602 1418 766 1468 τέλειος
807 1415 871 1474 ἔῃ,
916 1413 1074 1472 Κύρνε,
1117 1415 1327 1459 νέοισιν
1367 1412 1490 1471 ἔρως,
1535 1417 1835 1470 grammaticus
1864 1418 2086 1472 adscripsit
2125 1420 2334 1462 scholion:
2367 1419 2455 1462 νέοι
2483 1417 2523 1462 οἱ
2554 1421 2627 1462 νῦν

230 1476 404 1546 ἇνδρες,
434 1491 560 1544 idque
588 1493 630 1533 in
659 1490 786 1533 verba
814 1495 962 1543 poetae
1007 1490 1195 1544 inrepsit.
1241 1489 1470 1532 cuiusmodi
1518 1489 1696 1543 ineptias
1734 1491 1778 1532 in
1806 1489 2014 1535 codicibus
2046 1492 2299 1545 deprehendi
2326 1492 2541 1546 plurimas.
2571 1517 2627 1523 —-

241 1565 438 1608 Ceterum
469 1564 521 1607 de
550 1563 680 1608 totius
709 1563 935 1616 fragmenti
965 1563 1175 1615 scriptura
1205 1562 1365 1605 dubito.
1425 1561 1565 1604 Verba
1607 1562 1766 1605 tradita
1805 1564 1863 1605 sic
1892 1563 2234 1618 interpungenda
2263 1567 2421 1608 essent:
2454 1563 2552 1618 ἐμοί
2580 1579 2626 1620 γε

239 1634 318 1691 μὲν
348 1629 466 1687 οὔτις
494 1629 654 1690 ἀνάγκη
682 1633 809 1677 τοῦθ’
841 1632 992 1689 ἕρδειν.
1023 1636 1111 1677 τῶν
1156 1650 1233 1688 μοι
1273 1630 1450 1688 πρόσθε
1493 1630 1615 1690 χάριν
1653 1634 1824 1678 τίθεσο.
1854 1648 1963 1690 quae
1994 1640 2037 1679 et
2066 1638 2175 1681 male
2200 1637 2425 1681 cohaerent
2454 1640 2498 1680 et
2526 1638 2627 1691 quid

241 1721 340 1752 voce
368 1709 456 1751 τῶν
485 1706 752 1761 significetur,
782 1706 1016 1750 obscurum.
1047 1708 1081 1751 si
1103 1709 1200 1749 ,τιῖν
1230 1703 1409 1762 πρόσθε
1439 1707 1587 1761 iungis,
1631 1708 1750 1752 deest
1777 1708 1959 1752 alterum
1989 1705 2204 1764 πρόσθεν.
2245 1711 2319 1754 sed
2350 1712 2397 1752 ut
2423 1711 2464 1753 in
2492 1710 2627 1765 prima

241 1780 590 1825 commentatione
618 1780 660 1822 in
690 1792 728 1822 V.
761 1783 841 1823 957
873 1792 959 1834 seq.
990 1792 1065 1834 pro
1096 1776 1143 1822 εἴ
1165 1795 1207 1822 τι
1243 1775 1407 1822 παθών
1433 1775 1507 1822 ὑπ’
1553 1779 1656 1834 ἐμεῦ
1692 1774 1862 1836 α’γαθὸν
1908 1780 2015 1838 μέγα
2042 1778 2102 1838 μή
2146 1779 2268 1837 χάριν
2298 1777 2431 1836 οἶδας,
2462 1778 2627 1841 χρῄζων

239 1849 474 1908 ἣιετέρους
490 1842 611 1903 αὖτις
636 1851 750 1895 ἵκοιο
781 1848 945 1906 δόμους
963 1853 1125 1896 correxi
1142 1848 1309 1910 χρῄζων
1336 1850 1480 1908 μηκέτ’
1513 1851 1644 1906 ε’μοὺς
1673 1843 1794 1904 αὖτις
1821 1852 1936 1896 ἵκοιο
1967 1849 2140 1909 δόμους,
2176 1855 2233 1899 sic
2263 1855 2305 1898 h.
2335 1855 2361 1898 l.
2391 1856 2626 1909 putaverim

243 1937 270 1969 a
294 1927 422 1979 poeta
450 1924 653 1977 scriptum
683 1936 794 1968 esse:

774 1994 962 2040 σκέπτεο
994 1993 1045 2053 δὴ
1078 1998 1151 2039 νῦν
1179 1990 1325 2053 ἄλλον,
1359 1996 1458 2052 ἐμοί
1487 2013 1532 2053 γε
1562 1997 1641 2052 μὲν
1670 1990 1788 2049 οῧτις
1817 1994 1973 2055 ἀνάγκη

823 2060 925 2112 αὖθ’
957 2068 1109 2126 ἕρδειν,
1139 2072 1227 2112 τῶν
1255 2067 1315 2126 μή
1346 2068 1523 2127 πρόσθε
1554 2067 1682 2126 χάριν
1709 2070 1880 2115 τίθεσο.

371 2190 448 2233 His
477 2191 606 2243 igitur
634 2192 875 2244 praemissis
905 2193 988 2235 alia
1018 2195 1213 2246 exempla
1240 2195 1451 2248 proferam
1481 2194 1676 2238 vitiorum
1707 2206 1816 2247 quae
1844 2197 2193 2250 interpretatione
2223 2200 2316 2239 orta
2347 2196 2577 2240 videantur.

373 2262 422 2305 In
454 2276 492 2305 v.
524 2266 604 2306 845
636 2275 740 2318 seq.:

772 2328 832 2379 Εὖ
861 2337 939 2391 μὲν
968 2337 1166 2392 κείμενον
1194 2331 1327 2391 ἄνδρα
1355 2338 1497 2388 κακῶς
1525 2336 1664 2392 θέμεν
1694 2333 1877 2393 εὐμαρές
1909 2339 2035 2392 ἐστιν,

828 2400 875 2452 εὖ
910 2410 958 2452 δὲ
987 2410 1126 2465 θέμεν
1156 2407 1207 2453 τὸ
1237 2411 1380 2461 κακῶς
1409 2409 1606 2465 κείμενον
1634 2406 1856 2466 οἷργαλέον.

245 2489 323 2534 pro
353 2471 487 2534 ἄνδρα
513 2481 774 2525 scribendum
806 2494 895 2526 esse
925 2477 1050 2538 ἀνδρὶ
1080 2484 1174 2526 inde
1204 2484 1256 2526 ab
1286 2483 1528 2526 Hermanno
1555 2484 1751 2527 viderunt
1777 2497 1815 2527 v.
1848 2485 1885 2527 d.
1928 2485 2008 2528 Sed
2039 2485 2123 2529 alia
2152 2490 2370 2540 praeterea
2400 2488 2483 2530 iam
2512 2487 2626 2540 prius

240 2549 353 2596 facta
383 2556 447 2595 est
475 2552 667 2596 mutatio.
723 2556 876 2598 etenim
908 2546 961 2597 εὖ
990 2555 1068 2609 μὲν
1098 2555 1296 2610 κείμενον
1327 2568 1411 2599 non
1434 2556 1668 2610 integrum;
1696 2557 1735 2599 in
1768 2569 1942 2600 numero
1973 2558 2174 2611 singulari
2204 2559 2422 2602 dicendum
2453 2563 2542 2602 erat
2573 2555 2623 2600 τό

243 2613 290 2666 εὖ
320 2622 528 2678 κείμενον,
560 2629 608 2668 ut
637 2627 829 2679 sequitur
856 2625 907 2670 τό
938 2630 1082 2679 κακῶς
1109 2628 1307 2683 κείμενον
1340 2619 1406 2682 (εὖ
1437 2627 1635 2683 κείμενον
1664 2641 1746 2672 non
1779 2630 1859 2673 nisi
1886 2630 1927 2672 in
1957 2630 2202 2686 praedicato
2230 2632 2436 2686 Significat
2459 2628 2627 2687 ἀγαθόν

240 2709 305 2747 τι;
326 2685 380 2738 ἐὖ
408 2694 606 2750 κείμενον
637 2695 769 2742 κακόν
797 2703 909 2744 recte
940 2701 1120 2755 dicitur).
1178 2702 1278 2744 Fuit
1308 2701 1461 2755 igitur:

771 2762 818 2814 εὖ
846 2772 926 2826 μὲν
955 2773 1130 2828 κείμενα
1157 2773 1274 2831 φωτὶ
1305 2774 1447 2823 κακῶς
1477 2771 1614 2828 θέμεν
1645 2768 1827 2829 εὖμαρές
1857 2773 1984 2827 ἐστιν,

827 2836 875 2887 εὖ
905 2845 953 2889 δὲ
982 2846 1121 2901 θέμεν
1151 2843 1202 2889 τὸ
1231 2848 1373 2896 κακῶς
1401 2845 1599 2900 κείμενον
1626 2841 1845 2902 ἀργαλέον.

242 2913 430 2957 Eandem
458 2927 598 2959 vocem
626 2916 893 2961 Hermannus
923 2918 1112 2963 restituit
1141 2919 1182 2960 in
1215 2932 1251 2961 v.
1277 2920 1394 2962 1351.
1452 2919 1515 2961 De
1544 2932 1669 2962 versu
1703 2919 1931 2974 Sophocleo
1964 2921 2026 2962 Ai.
2063 2924 2190 2964 1093:
2223 2916 2300 2964 οὐκ
2333 2915 2383 2963 ἂν
2410 2923 2524 2974 ποτ’,
2555 2915 2625 2963 ἄν·

243 2985 352 3039 δρες,
383 2979 517 3041 ἄνδρα
545 2986 818 3044 θαυμάσαιμ’
853 2987 917 3033 ἔτι
947 3003 1023 3046 pro
1053 2986 1132 3034 οὐκ
1165 2984 1220 3033 ἄν
1249 2991 1362 3043 ποτ’,
1395 2983 1559 3046 ἂνδρες,
1588 2993 1716 3047 φῶτα
1743 2988 2014 3047 θαυμάσαιμ’
2049 2989 2114 3036 ἔτι
2144 2994 2318 3048 aliisque
2347 2994 2443 3036 alibi
2471 2995 2624 3037 monui.

373 3105 423 3149 In
452 3107 612 3151 Solonis
645 3108 782 3153 verbis
812 3122 849 3152 v.
879 3111 959 3152 315
989 3123 1125 3164 seqq.:

768 3181 939 3225 Πολλοί
966 3198 1034 3226 τοι
1063 3183 1303 3226 πλουτοῦσι
1331 3183 1466 3236 κακοί,
1498 3180 1660 3239 ἀγαθοὶ
1690 3185 1736 3228 δὲ
1765 3185 1997 3228 πένονται’

823 3246 914 3295 ἄλλ’
944 3250 1068 3310 ἡμεῖς
1099 3253 1272 3306 τούτοις
1302 3249 1353 3297 οὗ
1382 3253 1716 3312 διαμειψόμεθα

765 3326 842 3381 τῆς
869 3319 1027 3383 ἆρετῆς
1055 3324 1131 3370 τὸν
1161 3328 1364 3379 πλοῦτον,
1406 3326 1504 3370 ἐπεὶ
1532 3326 1583 3371 τὸ
1612 3328 1690 3383 μὲν
1722 3327 1915 3385 ἔμπεδον
1943 3328 2043 3386 αἰεί,

814 3393 1013 3452 χρήματα
1043 3398 1079 3440 δ’
1110 3392 1366 3454 ἀνθρώπων
1395 3391 1549 3442 όὲλλοτε
1583 3393 1716 3452 ἄλλος
1747 3399 1847 3455 ἔχει.
