2930 3880
496 387 509 413 ‹'
1529 376 1555 415 ὃ

345 495 608 540 hexametris
633 495 792 540 eisdem
822 495 927 540 alios
956 500 1246 551 pentametros
1271 497 1498 551 adaptatos
1525 496 1728 547 videmus,
1759 500 1802 540 et
1827 497 1869 540 in
1902 509 1940 539 v.
1965 499 2148 540 53—-602

879 578 1036 636 Κύρνε,
1066 575 1197 631 πόλις
1224 579 1304 635 μὲν
1336 576 1408 623 ἔθ’
1440 575 1516 636 ἥδε
1544 575 1688 634 πόλις,
1717 578 1816 622 λαοὶ
1841 579 1890 623 δὲ
1918 576 1971 635 δὴ
2000 573 2137 634 ἷίλλοι,

933 650 984 695 οἳ
1006 648 1176 708 πρόσθ’
1211 644 1311 694 οὔτε
1342 649 1466 701 δίκας
1493 642 1652 707 ᾔδεσαν
1668 642 1782 694 -οἷὲτε
1812 648 1987 708 νόμους,

875 724 964 767 ἀλλ’
996 719 1110 781 ἀμφὶ
1137 724 1350 780 πλευρῇσι
1379 718 1513 776 δορὰς
1540 718 1674 777 αἰγῶν
1701 722 1968 778 κατέτριβον,
2211 727 2263 766 55

863 819 867 823 «
935 794 1020 850 ἔξω
1048 795 1086 838 δ’
1119 790 1221 838 ὥστ’
1256 791 1416 851 ἔλαφοι
1443 792 1565 850 τῆσδ’
1597 791 1800 848 ἐνέμοντο
1827 792 2011 847 πόλεος·

878 869 950 911 καὶ
973 869 1048 910 νῦν
1077 863 1158 910 εἴσ’
1185 864 1359 922 ἀγαθοί,
1391 864 1676 922 Πολυπαΐδη·
1708 863 1750 909 οἳ
1778 866 1826 910 δὲ
1856 867 1961 922 πρὶν
1990 866 2148 912 ἐσθλοὶ

934 942 1007 982 νῦν
1035 938 1184 982 δειλοί.
1214 938 1281 989 τίς
1310 953 1384 980 κεν
1408 936 1527 980 ταῦτ’
1558 937 1738 992 ἀνέχοιτ’
1769 938 1958 996 ἐσορῶνς

872 1009 1082 1070 ἀλλήλους
1110 1011 1147 1054 δ’
1180 1005 1409 1055 ἀπατῶσιν
1436 1008 1507 1052 ἐπ’
1537 1003 1765 1066 ἀλλήλοισι
1793 1011 2016 1068 γελῶντες,

929 1078 1028 1127 οὗτε
1057 1084 1200 1126 κακῶν
1228 1077 1400 1138 γνώμας
1427 1077 1594 1132 εἰδότες
1623 1075 1713 1125 οὔτ’
1741 1076 1933 1139 ἀγαθῶν.
1985 1112 1988 1113 ⁷
2212 1091 2266 1130 60

345 1168 390 1206 et
418 1174 482 1205 vv.
512 1163 803 1204 1109-—11142

874 1225 1025 1282 Κύρν’,
1062 1223 1105 1271 οὶ
1135 1222 1305 1282 πρόσθ’
1336 1221 1500 1282 ἆγαθοὶ
1523 1228 1595 1270 νῦν
1624 1218 1678 1270 αὖ
1706 1228 1846 1283 κακοί,
1876 1226 1919 1271 οὶ
1947 1229 1996 1273 δὲ
2023 1231 2149 1275 κακοὶ
2181 1233 2286 1288 πρὶν

935 1302 1008 1343 νῦν
1041 1294 1220 1356 ἀγαθοί·
1250 1298 1317 1351 τίς
1345 1314 1419 1342 κεν
1445 1299 1563 1342 ταῦτ’
1594 1294 1778 1353 ἀνέχοιτ’
1811 1299 1998 1357 ἐσορῶνς

877 1371 980 1425 τοὺς
1009 1367 1208 1433 οἷγαθούς
1235 1371 1315 1427 μὲν
1345 1366 1647 1427 α’τιμοτέρους,
1678 1372 1855 1424 κακίους
1884 1372 1932 1417 δὲ
1960 1373 2170 1429 λαχόντας

928 1448 1080 1502 τιμῆςς
1107 1441 1335 1503 μνηστεύει
1365 1444 1402 1487 δ’
1434 1443 1481 1487 ἐκ
1509 1446 1644 1487 κακοῦ
1675 1442 1839 1496 ἐσθλὸς
1869 1439 1990 1503 α’νήρ.

872 1516 1088 1574 ἀλλήλους
1118 1517 1155 1561 δ’
1186 1511 1442 1571 α’πατῶντες
1471 1517 1540 1560 ἐπ’
1573 1513 1797 1574 ἀλλήλοισι
1826 1519 2021 1575 γελῶσιν,

934 1584 1024 1634 οἵτ’
1051 1585 1232 1646 ἀγαθῶν
1258 1586 1428 1647 μνήμην
1457 1587 1624 1640 εἰδότες
1653 1582 1753 1632 οὔτε
1784 1593 1941 1635 κακῶν.

345 1680 581 1735 particulas
612 1679 752 1722 varias
787 1677 902 1721 varie
936 1675 1190 1729 compositas
1224 1678 1325 1718 ante
1360 1674 1506 1718 oculos
1539 1673 1757 1727 habemus,
1802 1674 1882 1719 nisi
1914 1677 2026 1729 quod
2064 1678 2137 1731 qui
2169 1678 2350 1724 alterum
2381 1681 2520 1725 locum
2552 1682 2740 1732 confecit,

346 1751 546 1806 quoniam
575 1763 702 1795 versu
736 1743 944 1806 ἅκεφάλῳ
971 1743 1060 1789 (καὶ
1089 1748 1162 1789 νῦν
1187 1741 1266 1789 εἷ’σ’
1300 1740 1465 1802 ἀγαθοί
1473 1741 1485 1757 ²
1525 1746 1708 1802 incipere
1736 1759 1822 1791 non
1852 1751 2033 1802 poterat,
2073 1752 2250 1804 curavit,
2286 1756 2335 1796 ut
2361 1766 2571 1798 summam
2599 1767 2744 1799 eorum

343 1836 453 1878 quae
491 1823 753 1880 praecedunt
789 1821 1041 1864 sententiam
1079 1819 1123 1862 in
1160 1831 1292 1862 unum
1328 1823 1498 1874 cogeret
1536 1831 1719 1878 versum,
1754 1821 1867 1874 quod
1894 1824 1945 1864 ut
1968 1821 2059 1865 fieri
2087 1827 2246 1880 posset,
2276 1826 2379 1870 ordo
2406 1839 2548 1871 rerum
2577 1831 2744 1872 mutan-

343 1898 422 1941 dus
452 1899 546 1940 erat
576 1899 620 1939 et
648 1906 726 1950 pro
754 1892 1017 1949 polysyllabo
1048 1890 1311 1948 Πολυπαΐδη
1352 1903 1498 1936 versus
1531 1894 1581 1933 57
1621 1905 1673 1935 ex
1703 1904 1829 1937 versu
1868 1895 1920 1935 53
1956 1889 2101 1949 Κύρνε
2131 1896 2462 1942 adsciscendum.
2519 1899 2599 1944 Hic
2627 1900 2743 1945 locus

344 1971 389 2014 in
414 1969 662 2014 memoriam
694 1966 796 2010 mihi
825 1968 948 2009 vocat
979 1964 1267 2020 fragmentum
1298 1964 1573 2020 Euripideum
1603 1964 1796 2010 similiter
1825 1966 2148 2022 conformatum,
2198 1970 2309 2022 quod
2340 1983 2393 2014 ex
2421 1971 2568 2017 Danae
2597 1971 2744 2017 fabula

345 2042 556 2086 Stobaeus
585 2039 724 2084 adfert
752 2039 820 2093 (N.
851 2039 968 2089 328):

873 2112 939 2176 ἆρ’
972 2114 1111 2174 οἷσθ’,
1141 2116 1344 2173 ὁθούνεκ’
1377 2117 1418 2162 οἱ
1447 2120 1527 2174 μὲν
1555 2115 1743 2176 εὐγενεῖς
1771 2124 1945 2178 βροτῶν

873 2193 1057 2248 πένητες
1087 2185 1210 2243 ὄντες
1239 2185 1365 2234 οὐδὲν
1393 2185 1631 2249 ἅλφάνουσ’
1665 2190 1743 2245 ἔτι,

873 2262 923 2309 οἳ
949 2265 987 2307 δ’
1020 2258 1150 2307 οὐδὲν
1181 2255 1289 2322 ἦσαν
1319 2260 1537 2318 πρόσθεν,
1571 2256 1713 2318 ἷίλβιοι
1743 2264 1791 2308 δὲ
1821 2267 1906 2319 νῦν,

873 2333 1004 2391 δόξαν
1034 2335 1243 2394 φέρονται
1272 2337 1351 2378 τοῦ
1381 2335 1650 2390 νομίσματος
1677 2334 1799 2393 χάριν
1827 2354 1865 2382 κ.
1895 2354 1932 2381 τ.
1962 2339 2001 2382 λ.

346 2423 390 2465 in
420 2422 571 2476 quibus
602 2434 679 2476 pro
712 2421 893 2477 πένητες
931 2415 1066 2475 ὄντες,
1106 2421 1219 2474 quod
1249 2431 1330 2462 non
1363 2421 1544 2463 concinit
1578 2430 1673 2462 cum
1706 2430 1806 2463 voce
1835 2415 1900 2462 ἔτι
1930 2423 1973 2463 et
2003 2420 2136 2465 altero
2168 2422 2368 2478 membro,
2406 2427 2583 2477 expecto
2612 2423 2745 2480 πένη-

346 2508 419 2544 τες
448 2494 644 2549 γεγῶτες.
681 2496 724 2536 et
752 2491 848 2546 fuit,
878 2494 921 2536 ni
951 2492 1088 2548 fallor,
1117 2493 1302 2548 γεγῶτες
1328 2495 1428 2535 ante
1457 2503 1586 2546 quarn
1614 2503 1690 2544 per
1717 2491 2111 2546 interpretationem
2143 2494 2469 2550 amphibrachys
2497 2507 2574 2551 pro
2606 2497 2746 2540 iambo

347 2567 437 2610 sive
467 2569 699 2620 anapaesto
733 2566 899 2608 initium
930 2565 1084 2608 senarii
1113 2564 1344 2618 occupavit.
1401 2562 1645 2617 Euripidem
1679 2563 1894 2619 scripsisse
1924 2565 2125 2609 arbitror:

876 2638 941 2702 ἆρ’
978 2642 1113 2699 οἶσθ’,
1146 2643 1355 2700 ὁθούνεχ’
1388 2644 1430 2689 οὶ
1456 2645 1536 2700 μὲν
1566 2641 1755 2703 εὐγενεῖς
1782 2649 1957 2702 βροτῶν

875 2712 1039 2774 ἄποροι
1068 2721 1252 2775 γεγῶτες
1280 2712 1405 2762 οὐδὲν
1435 2712 1674 2775 ἆλφάνουσ’
1708 2717 1785 2771 ἔτι,

877 2789 927 2834 οἳ
949 2791 986 2834 δ’
1019 2779 1143 2836 οὐδὲν
1171 2782 1279 2848 ἦσαν
1308 2787 1525 2845 πρόσθεν,
1555 2790 1701 2845 ὄλβιοι
1733 2790 1781 2835 δὲ
1811 2793 1896 2844 νῦν,

877 2859 1007 2917 δόξαν
1035 2862 1245 2921 φέρονται
1274 2879 1312 2906 κ.
1343 2878 1380 2905 τ.
1410 2863 1448 2906 λ.

349 2944 420 2998 (cf.
450 2944 549 2988 Hes.
578 2938 889 3000 ἀπορούμενοι,
919 2942 1168 3001 πενόμενοι,
1200 2945 1309 2990 Plat.
1338 2946 1442 3000 Rep.
1471 2959 1512 3001 p.
1529 2949 1608 2990 552
1639 2946 1804 3002 πένητα
1833 2946 1903 2990 καὶ
1932 2940 2103 3002 ἄπορον
2133 2947 2422 3003 κεκλημένον).

481 3034 600 3087 Quae
628 3035 687 3079 sic
713 3035 935 3079 observare
965 3037 1073 3089 licet,
1103 3037 1175 3080 ubi
1207 3037 1334 3090 plura
1362 3049 1413 3080 ex
1440 3037 1618 3092 integris
1646 3037 1902 3081 carminibus
1932 3036 2094 3080 tradita
2124 3041 2236 3089 sunt,
2266 3038 2337 3090 qui
2366 3037 2471 3082 haec
2500 3041 2617 3082 certa
2646 3049 2742 3082 con·

348 3108 509 3151 iectura
547 3102 714 3161 assequi
752 3109 970 3162 possimus,
1015 3109 1087 3154 ubi
1127 3110 1221 3153 sola
1259 3113 1460 3165 excerpta
1493 3109 1748 3165 supersunt?
1806 3108 2059 3153 Huiusmodi
2101 3109 2232 3164 igitur
2273 3109 2385 3163 locis,
2428 3110 2500 3163 qui
2534 3122 2617 3153 non
2657 3111 2744 3155 rari

347 3182 460 3230 sunt,
501 3178 677 3230 omissis,
721 3178 763 3220 in
800 3180 1055 3234 corrigendis
1093 3181 1283 3225 versibus
1317 3181 1531 3235 pergimus
1575 3182 1645 3236 qui
1683 3181 1853 3237 genuini
1895 3184 2008 3235 sunt,
2032 3181 2126 3224 ’sed
2168 3185 2243 3225 aut
2276 3182 2542 3225 librariorum
2582 3182 2745 3226 incuria

347 3251 536 3304 corrupti
566 3252 642 3293 aut
671 3250 1057 3304 interpretamentis
1086 3254 1236 3297 vitiati.
