2930 3880
1503 327 1530 365 4

318 446 585 488 coniecerunt
626 437 753 499 ἅγχεο
794 443 892 499 μηδ’
923 437 1079 498 ἄχθου,
1120 437 1259 496 &xasa
1290 436 1389 498 μηδ’
1418 439 1576 494 ἰσχνοῦ,
1625 438 1750 485 &aasz
1781 443 1878 500 μηδ’
1910 436 2068 499 ὄχθου,
2096 437 2240 497 ἄχθου
2269 445 2368 499 μηδ’
2397 438 2542 500 ἔχθει,
2580 439 2708 500 ὅχθει

318 518 419 574 μηδ’
451 510 611 570 ὄὶχθου,
644 517 712 570 al„
742 529 825 560 non
855 517 1046 560 videntes
1077 517 1268 570 primum,
1299 516 1479 557 alterum
1510 513 1742 557 membrum
1771 516 2030 559 subdivisum
2059 515 2208 561 fuisse:
2242 516 2423 573 ...μηδ’
2439 510 2571 570 ὄέχθει
2598 514 2706 575 μήτε

318 589 476 648 φίλους
504 583 603 632 ἆνία
646 585 745 645 μήτ’
789 585 978 643 ἐχθρούς
1005 581 1209 645 εὔφραινε
1253 586 1322 641 (cf.
1352 599 1389 628 V.
1425 587 1549 627 1205:
1595 579 1685 628 οὔδ’
1715 582 1771 629 ὄῖν
1814 586 1977 639 ἐκεῖνος
2013 587 2119 643 ἐμοῦ
2160 585 2402 645 τεθνηότος
2429 582 2519 632 οὔτ’
2551 583 2710 646 ἀνιῷτο

321 655 423 706 οὔτε
454 659 562 704 κατὰ
591 657 825 719 βλεφάρων
853 657 1015 716 δάκρυα
1045 656 1194 714 θερμοὶ
1225 654 1363 711 βάλοι,
1410 660 1454 700 et
1487 658 1599 710 quod
1634 659 1691 701 ad
1725 661 1975 703 sententiam
2020 661 2193 714 adtinet,
2224 674 2261 705 v.
2297 664 2422 705 1107:
2476 655 2592 718 ὤμοι
2629 660 2711 718 ἐγώ

319 730 483 784 δειλός’
513 733 585 776 καὶ
615 730 668 789 δὴ
701 729 952 787 κατάχαρμα
981 730 1059 785 μὲν
1089 730 1282 784 ἐχθροῖς,
1310 731 1405 780 τοῖς
1435 727 1483 770 δὲ
1511 728 1681 786 φίλοισι
1710 726 1848 780 πόνος
1875 728 1994 773 δεινὰ
2020 730 2185 775 παθῶν
2213 730 2426 790 γενόμην).
2482 735 2573 779 Iam
2615 736 2710 778 sub-

320 806 506 851 stantivo
549 799 681 860 ὄέχθει
722 818 844 850 nemo
889 804 1099 847 dubitabit
1140 802 1425 855 praepositum
1470 799 1601 845 fuisse
1646 802 1758 845 idem
1799 802 1987 855 verbum,
2032 807 2080 847 ut
2116 808 2230 848 totus
2268 806 2384 850 locus
2413 808 2473 851 sic
2501 807 2712 862 corrigen-

318 880 398 922 dus
427 879 506 922 sit:

847 967 956 1024 μηδὲ
985 965 1037 1011 σύ
1065 968 1100 1022 γ’
1126 962 1413 1023 ἅπρήκτοισιν
1439 966 1508 1010 ἐπ’
1542 963 1748 1022 ἔργμασιν
1775 959 1903 1022 ἄλγος
1933 961 2070 1021 ἀέξων

905 1033 1059 1093 ἅχθεο,
1085 1038 1182 1095 μηδ’
1214 1032 1341 1092 ἄχθει
1370 1035 1478 1094 μήτε
1509 1038 1665 1096 φίλους
1693 1034 1792 1082 α’νία

851 1108 950 1166 μέτ’
981 1108 1170 1166 ἐχθρούς
1197 1112 1402 1169 εὔφραινε
1428 1127 1465 1154 κ.
1492 1127 1529 1154 τ.
1560 1112 1598 1154 λ.

321 1204 548 1246 Praeterea
578 1201 622 1243 in
652 1199 787 1253 primo
818 1197 944 1240 huius
974 1197 1200 1250 fragmenti
1229 1208 1355 1239 versu
1383 1195 1489 1238 mire
1518 1195 1673 1239 dictum
1703 1191 1844 1250 τόλμα
1871 1198 2078 1238 κακοῖσιν.
2141 1196 2252 1240 idem
2285 1198 2442 1252 legitur
2468 1199 2511 1241 in
2548 1211 2587 1242 v·
2605 1202 2713 1246 355:

849 1276 1003 1337 τόλμα,
1035 1276 1194 1337 Κύρνε,
1224 1282 1434 1338 κακοῖσιν,
1466 1279 1565 1322 ἐπεὶ
1592 1274 1853 1323 κᾶσθλοῖσιν
1882 1277 2064 1335 ἔχαιρες,

908 1344 1005 1395 εὖτέ
1031 1367 1080 1395 σε
1111 1351 1182 1394 καὶ
1212 1348 1381 1394 τούτων
1410 1353 1529 1406 μοῖρ’
1560 1350 1795 1405 ἐπέβαλλεν
1826 1349 1950 1405 ἔχειν.

852 1421 912 1476 ῶς
943 1424 991 1467 δέ·
1020 1440 1105 1480 περ
1137 1424 1184 1477 ἐξ
1209 1418 1391 1479 ἀγαθῶν
1423 1422 1576 1478 ἔλαβες
1603 1420 1747 1477 κακὸν,
1778 1417 1838 1475 ὣς
1866 1423 2007 1467 δὲκαὶ
2030 1415 2163 1476 αὖθις

912 1497 1082 1540 ἐκδῦναι
1112 1498 1254 1551 πειρῶ
1285 1498 1460 1540 θεοῖσιν
1489 1491 1793 1550 ἐπευχόμενος.

322 1609 405 1640 non
434 1596 643 1645 dicebant,
674 1599 880 1647 quantum
909 1594 1050 1636 videre
1080 1594 1190 1644 licet,
1220 1590 1386 1646 τολμᾶν
1415 1606 1510 1641 τινι,
1537 1602 1674 1642 neque
1703 1593 1853 1641 κακοῖς
1881 1603 1956 1644 pro
1989 1589 2034 1634 ἐν
2062 1594 2213 1642 κακοῖς
2233 1592 2394 1636 dicitur.
2426 1594 2716 1649 corrigendum

321 1671 363 1712 in
391 1673 571 1722 utroque
599 1668 689 1710 loeo
718 1667 886 1711 videtur
913 1662 1054 1720 τόλμα
1081 1661 1270 1707 κάκωσιν
1299 1664 1342 1716 (i.
1373 1677 1407 1707 e.
1437 1658 1487 1704 τὸ
1519 1660 1567 1715 ἐξ
1592 1655 1774 1718 ἀγαθῶν
1799 1661 1930 1705 κακὸν
1959 1662 2121 1716 λαβεῖν,
2151 1662 2202 1707 cf.
2228 1663 2415 1719 Thucyd.
2439 1667 2476 1718 2,
2491 1667 2545 1708 43
2578 1659 2720 1722 ‹iiqu-

318 1737 480 1797 νότερα
507 1736 586 1796 γὰρ
617 1734 741 1795 ἆνδρί
768 1754 814 1794 γε
845 1734 1047 1796 φρόνημα
1073 1735 1217 1790 ἔχοντι
1245 1733 1271 1794 ἡ
1303 1732 1415 1790 μετὰ
1441 1735 1519 1777 τοῦ
1548 1731 2087 1791 μαλακισθῆναι.κάκωσις
2115 1730 2146 1791 ἢ
2175 1751 2212 1779 κ.
2242 1751 2280 1779 τ.
2309 1736 2390 1790 λ.)ε

861 1833 1020 1887 Τόλμα,
1051 1828 1209 1888 Κύρνε,
1240 1830 1441 1883 κάκωσιν,
1466 1829 1565 1872 ἐπεὶ
1593 1823 1855 1874 κᾶσθλοῖσιν
1881 1826 2061 1885 ἔχαιρες,

914 1895 1010 1947 εὖτέ
1040 1919 1090 1948 σε
1121 1903 1194 1947 καὶ
1221 1900 1395 1947 τούτων
1419 1901 1538 1957 μοῖρ’
1571 1901 1807 1956 ἐπέβαλλεν
1836 1900 1962 1957 ἔχειν.

325 1990 447 2046 (nam
476 1991 521 2033 in
550 1990 685 2034 altero
714 2001 842 2033 versu
868 1989 974 2032 nihil
1002 1987 1271 2031 mutandum:
1300 1982 1468 2029 τούτων
1485 1988 1622 2042 μοῖρα
1640 1992 1705 2031 est
1725 1983 1750 2046 ἡ
1770 1988 1859 2030 τῶν
1879 1987 2055 2031 ἐσθλῶν
2085 1989 2235 2044 μοῖρα,
2260 1986 2509 2044 ἐπιβάλλειν
2537 1990 2590 2034 de
2617 2003 2720 2044 qua-

325 2064 389 2107 vis
419 2074 530 2116 quae
560 2062 688 2106 alicui
717 2061 865 2106 cecidit
892 2065 1006 2104 sorte
1031 2059 1214 2113 dicitur),
1245 2063 1307 2103 et:
1691 2052 1699 2060 ’

863 2144 1026 2203 Τόλμα,
1054 2144 1210 2202 Κύρνε,
1236 2143 1425 2191 κάκωσιν
1455 2143 1576 2202 ὅμως
1603 2140 1765 2200 ἄτλητα
1795 2143 2054 2199 πεπονθώς.

330 2234 397 2278 Sic
426 2235 470 2277 iu
499 2247 537 2276 v.
570 2236 650 2277 955
680 2234 990 2277 substantivum
1022 2229 1213 2288 χήρωσις
1243 2235 1531 2278 oblitteratum
1561 2237 1626 2277 est
1654 2232 1698 2275 in
1727 2232 1844 2275 codd.
1872 2232 2072 2287 Theogn.‚
2106 2233 2175 2276 ubi
2202 2235 2314 2278 male
2342 2234 2519 2290 legitur:

859 2320 1045 2374 Δειλούς
1074 2314 1123 2365 εὖ
1150 2321 1319 2378 ἕρδοντι
1352 2319 1442 2365 δύω
1472 2319 1599 2364 κακά·
1628 2323 1716 2364 τῶν
1745 2337 1791 2363 τε
1822 2318 1904 2376 γάρ
1935 2316 2074 2365 αὐτοῦ

916 2391 1100 2451 χηρώσει
1133 2395 1325 2448 πολλῶν,
1355 2395 1426 2438 καὶ
1453 2391 1574 2450 χάρις
1601 2388 1793 2448 οὐδεμία.

332 2478 526 2522 Genuina
555 2479 762 2522 Stobaeus
792 2481 998 2523 servavit:

854 2559 1036 2613 Δειλούς
1063 2554 1110 2604 εὖ
1136 2560 1305 2617 ἕρδοντι
1335 2559 1424 2605 δύω
1454 2560 1565 2606 κακά
1583 2580 1592 2589 ·
1622 2565 1710 2605 τῶν
1738 2579 1784 2606 τε
1814 2560 1896 2619 γάρ
1925 2557 2059 2606 αὐτοῦ

918 2632 1110 2690 χὴρωσις
1138 2632 1339 2686 κτεάνων,
1371 2636 1442 2678 καὶ
1470 2631 1593 2692 χάρις
1623 2629 1816 2690 οὖδεμία.

332 2721 473 2764 Causa
499 2720 653 2763 erroris
679 2720 890 2774 particula
919 2716 1009 2774 γάρ,
1041 2733 1150 2774 quae
1179 2721 1353 2764 verbum
1384 2732 1555 2775 poscere
1586 2719 1815 2762 videbatur.
1888 2720 1962 2763 sed
1986 2724 2215 2773 utrumque
2246 2720 2479 2763 membrum
2508 2720 2551 2763 in
2581 2719 2727 2764 eodem

338 2793 467 2836 verbo
502 2793 666 2844 nititur,
708 2793 751 2835 in
791 2804 874 2846 quo
919 2794 1046 2836 etiam
1074 2787 1258 2847 primum
1285 2794 1552 2836 enuntiatum
1597 2790 1652 2847 (si
1681 2795 1806 2845 poeta
1836 2792 2039 2834 voluisset
2065 2791 2203 2835 dicere
2232 2792 2342 2844 quod
2372 2792 2605 2835 Ahrensius
2632 2805 2728 2846 pro·

332 2865 496 2918 posuit:
541 2865 646 2918 παρ’
679 2857 798 2917 α’ὗτά,
831 2877 913 2908 non
942 2866 1030 2907 τῶν
1059 2881 1105 2907 τε
1132 2866 1237 2919 παρ’
1264 2859 1373 2907 αὐτὰ
1401 2861 1590 2921 χήρωσις
1618 2864 1801 2917 dixisset,
1832 2863 1905 2907 sed
1932 2859 1962 2919 ἥ
1990 2879 2037 2906 τε
2067 2864 2170 2918 παρ’
2201 2858 2315 2906 αὐτὰ
2344 2859 2542 2920 χήρωσις.
2594 2858 2728 2909 αὐτοῦ

333 2938 573 2991 oppositum
602 2941 667 2981 est
697 2939 861 2992 gratiae
891 2938 942 2980 ab
973 2939 1106 2982 altero
1136 2939 1465 2993 persolvendae).
1523 2938 1586 2981 De
1615 2938 1926 2981 constructione
1953 2936 2174 2980 dubitatur
2202 2938 2329 2980 etiam
2359 2938 2401 2981 in
2431 2950 2470 2982 v,
2499 2941 2602 2982 729:

870 3021 1105 3077 Φροντίδες
1133 3017 1396 3076 ἀνθρώπων
1427 3019 1581 3075 ἔλαχον
1609 3017 1752 3076 πτερὰ
1781 3018 1942 3064 ποικίλ’
1972 3017 2161 3074 ἔχουσαι,

932 3091 1171 3149 μυρόμεναι
1201 3096 1344 3151 ψυχῆς
1373 3095 1515 3137 εἵνεκα
1542 3093 1614 3136 καὶ
1641 3089 1806 3146 βιότου.

339 3175 411 3218 ubi
444 3176 711 3231 Hartungius
741 3171 1010 3230 ἀνθρώπους
1038 3177 1317 3221 desiderabat.
1361 3178 1519 3221 scilicet
1546 3170 1782 3230 ἂνθρωποι
1809 3172 2044 3232 φροντίδας
2071 3170 2225 3227 ἔλαχον
2254 3177 2368 3218 recte
2395 3174 2625 3228 dicebatur,
2657 3176 2729 3219 sed

340 3246 407 3289 hic
439 3248 670 3304 φροντίδες
697 3242 952 3303 ἀνθρώπων
980 3250 1233 3294 cohaerebat
1259 3253 1303 3294 et
1332 3248 1498 3293 ἔλαθον
1528 3247 1728 3302 ἕχουσαιε

875 3337 1109 3391 Φροντίδες
1136 3331 1390 3392 ἀνθρώπων
1424 3335 1589 3381 ἔλαθον
1618 3334 1757 3391 πτέρα
1785 3333 1947 3378 ποικίλ’
1978 3331 2155 3387 ἔχουσαι
2183 3350 2221 3378 κ.
2252 3350 2291 3377 τ.
2318 3335 2355 3377 λ.
