2930 3880
1481 468 1530 513 18

311 593 472 647 πάντες
499 594 626 638 κακοὶ
652 607 788 650 neque
814 589 866 637 οὐ
891 591 1071 647 πάντως
1098 593 1221 637 κακοὶ
1250 594 1357 637 dixit
1387 593 1633 645 (utrumque
1677 593 1874 638 alienum*
1904 608 1930 638 a
1971 597 2210 650 sententia),
2255 597 2327 640 sed
2373 595 2453 639 οὐκ
2479 591 2613 651 ἆρχνὴν
2642 631 2656 640 .
2691 631 2700 640 .

313 668 360 712 ἐκ
375 664 578 725 γαστρὸς;

1211 748 1355 778 παντως

849 786 928 829 Τοὶ
956 786 1081 828 κακοὶ
1111 800 1189 827 ουκ
1217 778 1348 854 οἲρχὴν
1377 781 1502 825 κακοὶ
1525 782 1572 824 ἐκ
1592 777 1783 838 γαστρὸς
1811 782 2031 839 γεγόνασιν
2059 802 2096 828 κ.
2126 803 2162 831 τ.
2191 788 2227 831 λ

445 860 536 915 Est,
584 861 655 904 ubi
697 873 749 904 ex
791 859 1084 912 dittographia,
1132 869 1240 910 quae
1281 857 1365 898 iam
1410 855 1452 896 in
1493 855 1700 899 codicibus
1739 856 1971 910 legebatur,
2020 870 2171 900 novum
2203 860 2348 903 vitium
2378 865 2515 904 ortum
2550 863 2627 912 est,
2647 848 2702 902 cf.

312 946 349 977 v.
383 937 489 977 1157
522 946 658 990 seqq:

847 1003 1048 1053 Πλοῦτος
1077 1002 1148 1044 καὶ
1177 1001 1311 1059 σοφίη
1342 1003 1526 1056 θνητοῖς
1555 995 1838 1054 ἀμαχώτατον
1866 996 1970 1042 αἰεί·

904 1074 1002 1116 οὔτε
1036 1070 1114 1129 γὰρ
1144 1069 1196 1114 ἂν
1225 1070 1418 1114 πλούτου
1449 1067 1592 1125 θυμὸν
1621 1068 1955 1127 ὕπερκορέσαις·

845 1141 907 1196 ὦς
936 1144 972 1187 δ’
1006 1140 1148 1194 αὕτως
1170 1142 1330 1200 σοφίην
1353 1139 1377 1184 ὁ
1398 1139 1658 1199 σοφώτατος
1682 1137 1764 1185 οὐκ
1785 1138 2043 1200 α’ποφεύγει,

898 1210 987 1257 ἀλλ’
1021 1213 1181 1270 ἔραται,
1212 1211 1359 1269 θυμὸν
1388 1215 1424 1256 d’
1456 1213 1506 1256 οὐ
1535 1210 1709 1258 δύναται
1737 1215 1916 1259 τελέσαι.
1987 1271 1994 1282 Ι

314 1293 441 1337 Godd.
472 1291 672 1345 Theogn.‚
704 1289 777 1342 qui
805 1289 909 1332 duos
937 1288 1097 1341 priores
1125 1301 1271 1331 versus
1302 1299 1384 1329 non
1416 1286 1584 1340 habent,
1618 1288 1656 1330 ln
1688 1293 1840 1341 quarto
1870 1290 1981 1342 quod
2002 1290 2124 1332 modo
2145 1303 2291 1345 smpsr
2307 1292 2525 1336 exhibent
2560 1293 2704 1349 θυιιόι

313 1367 348 1408 δ’
387 1359 438 1408 οὗ
471 1360 647 1406 δύναται
675 1361 859 1414 τελέσαι,
889 1360 1113 1404 Stobaeus:
1157 1360 1305 1415 θυμὸν
1333 1359 1370 1402 δ’
1403 1353 1454 1401 οὗ
1486 1355 1662 1402 ὁυναται
1688 1360 1874 1414 κορέσαι.
1931 1362 2098 1405 Scilicet
2127 1368 2253 1416 poeta
2279 1365 2443 1419 scripsit
2470 1366 2579 1408 κατὰ
2605 1369 2706 1410 νοῦι
2747 1374 2749 1378 ⁴

313 1439 348 1480 δ’
381 1431 433 1479 οὕ
463 1432 639 1479 δύναται
668 1433 848 1476 τελέσαι.
882 1432 958 1484 his,
992 1445 1085 1475 Cum
1115 1433 1384 1486 praecederet
1400 1435 1458 1474 θ(
1456 1448 1547 1485 μον
1567 1448 1646 1485 ουχ
1668 1448 1993 1488 υπερκορεσαις,
2010 1436 2211 1479 variando
2234 1438 2386 1490 aliquis
2400 1441 2705 1496 superscripsit,

311 1508 458 1564 θυμὸν
486 1509 526 1551 ὁ
555 1503 606 1551 οὗ
636 1504 810 1550 δύναται
839 1504 1028 1558 κορέσαι,
1072 1507 1114 1547 et
1154 1517 1206 1547 ex
1233 1505 1312 1546 hac
1350 1504 1638 1558 dittographia
1667 1506 1844 1548 mixtum
1884 1511 1961 1560 est,
2001 1508 2111 1560 quod
2151 1509 2269 1552 codd.
2305 1510 2487 1564 Theogn.
2526 1511 2704 1557 habent:

313 1578 460 1635 θυμὸν
488 1577 527 1623 δ’
559 1575 612 1623 οὗ
643 1578 819 1623 δύναται
851 1576 1033 1619 τελέσαι.
1091 1582 1217 1631 poeta
1247 1577 1463 1631 eleganter
1492 1578 1692 1621 variavit:

844 1650 1038 1700 πλοῦτος
1067 1649 1140 1691 καὶ
1167 1649 1302 1706 σοφίη
1331 1652 1515 1711 θνητοῖς
1545 1646 1831 1705 ἀμαχώτατον
1856 1649 1960 1695 alsi·

903 1723 1001 1765 οὔτε
1032 1719 1114 1778 γάρ
1149 1717 1199 1763 ἂν
1228 1719 1422 1766 πλούτου
1453 1721 1603 1778 θυμόν
1631 1720 1966 1779 ὑπερκορέσαις·

846 1791 907 1846 ὡς
937 1795 972 1837 δ’
1002 1791 1144 1846 αὕτως
1172 1794 1332 1851 σοφίην
1353 1792 1376 1837 ὃ
1398 1790 1658 1852 σοφώτατος
1679 1791 1762 1839 οὔκ
1789 1791 2045 1856 ἀποφεύγει,

439 1907 441 1909 .
900 1862 992 1909 ἀλλ’
1028 1865 1192 1922 ἔραται,
1222 1864 1330 1909 κατὰ
1358 1869 1457 1910 νοῦν
1486 1868 1522 1910 δ’
1558 1864 1609 1911 οὗ
1640 1865 1816 1912 δύναται
1845 1869 2026 1914 τελέσαι.

318 1941 386 1995 (cf.
419 1953 458 1983 V.
492 1942 572 1983 350
603 1939 678 1982 ἐπί
704 1942 741 1981 τ’
779 1936 940 1990 ἐσθλὸς
985 1940 1133 1993 ὄροιτο
1174 1939 1354 1994 δαίμων,
1397 1934 1445 1991 ὃς
1480 1935 1572 1982 κατ’
1602 1938 1706 1998 ἐμὸν
1744 1944 1851 1985 νοῦν
1888 1942 2075 1986 τελέσειε
2114 1941 2249 1998 τάδε).
2309 1946 2400 1988 Tali
2442 1947 2704 1999 aequatione.

314 2026 442 2067 quam
471 2026 497 2056 a
528 2012 813 2067 grammaticis
843 2013 1071 2056 exercitam
1103 2025 1196 2056 esse
1226 2025 1310 2055 non
1336 2015 1482 2077 paucis
1508 2014 1609 2078 locis
1638 2015 1768 2058 oculis
1798 2016 1886 2070 ipse
1907 2018 2011 2060 meis
2032 2017 2148 2060 vidi
2138 2031 2183 2060 in
2203 2018 2426 2069 codicibus,
2454 2017 2613 2062 factum
2642 2022 2707 2063 est

313 2087 455 2138 etiam,
485 2089 535 2128 ut
564 2085 757 2140 Aeschyl.
783 2085 995 2128 Prometh
1026 2099 1067 2129 v.
1104 2088 1210 2128 1034
1239 2098 1352 2139 seqq.
1383 2087 1441 2129 sic
1471 2087 1526 2129 ad
1556 2099 1632 2130 nos
1663 2089 1952 2142 pervenerint:

840 2153 956 2212 ‘.E9pt
1620 2159 1672 2202 σύ
1703 2159 1750 2202 δὲ·

982 2226 1200 2278 πάπταινε
1233 2231 1303 2273 καὶ
1334 2227 1537 2288 φρόντιζε
1567 2232 1665 2288 μηδ’
1692 2227 1908 2283 αὐθαδίαν

975 2296 1202 2356 εὐβουλίας
1224 2297 1414 2357 ἀμείνον’
1454 2299 1591 2360 ἡγήσῃ
1622 2303 1744 2346 ποτέ.
1765 2359 1767 2363 .

844 2377 953 2427 Χορ.
974 2370 1076 2429 ἡμῖν
1104 2372 1182 2428 μὲν
1208 2371 1371 2430 ςΕρμῆς
1400 2369 1478 2416 οὔκ
1507 2374 1665 2430 ἄκαιρα
1693 2365 1892 2433 φαίνεται

974 2446 1130 2501 λέγειν·
1159 2439 1295 2502 ἄνωγε·
1325 2443 1403 2502 γάρ
1434 2463 1483 2489 σε
1511 2444 1588 2503 τὴν
1608 2441 1837 2490 αὐθαδίαν

973 2517 1150 2573 μεθέντ’
1180 2520 1354 2573 ἐρευνᾶν
1381 2515 1461 2574 τήν
1489 2516 1635 2576 σοφήν
1665 2514 1907 2574 εὐβουλίαν.

313 2590 406 2632 Hae
439 2590 710 2644 repetitiones
740 2591 892 2644 quibus
936 2591 1086 2635 chorus
1117 2593 1262 2635 eadem
1292 2592 1443 2646 quibus
1473 2593 1705 2635 Mercurius
1734 2593 1856 2636 modo
1888 2606 1987 2636 usus
2015 2595 2079 2636 est
2127 2594 2254 2636 verba
2283 2594 2532 2648 Prometheo
2578 2596 2705 2638 rumi-

313 2665 454 2715 natur,
492 2663 534 2704 in
571 2662 732 2706 codices
777 2667 942 2707 nostros
975 2664 1261 2718 inrepserunt,
1313 2666 1424 2717 quod
1468 2665 1565 2708 olim
1607 2666 1908 2718 grammaticus
1953 2667 2065 2709 male
2109 2666 2280 2710 sedulus
2323 2667 2459 2725 verbis
2507 2668 2707 2711 Mercurii

316 2734 431 2778 chori
459 2734 585 2777 verba
613 2735 919 2789 superscripsit.
993 2735 1226 2784 Mercurius
1255 2735 1506 2780 sententiam
1538 2737 1811 2790 eloquebatur
1840 2738 1975 2791 magis
2004 2739 2046 2781 in
2075 2740 2315 2782 universum
2344 2739 2527 2793 dictam,
2576 2752 2704 2794 quam

316 2808 466 2850 chorus
504 2806 600 2849 dein
635 2808 805 2862 propIus
843 2808 895 2850 ad
927 2808 1168 2852 Promethei
1210 2822 1275 2852 res
1316 2810 1677 2854 adcommodabat.
1748 2810 1826 2853 hoc
1866 2811 1929 2854 vel
1977 2811 2018 2852 in
2061 2812 2162 2865 ipsis
2207 2811 2346 2855 verbis
2382 2811 2520 2855 adhuc
2561 2812 2707 2866 dispici

315 2882 464 2933 potest.
521 2892 618 2922 nam
648 2880 776 2922 verba
805 2876 1022 2923 πάπταινε
1052 2872 1132 2923 κάἶ
1160 2878 1362 2938 φρόντιζε
1410 2894 1559 2925 manca
1589 2886 1632 2925 et
1661 2881 1892 2936 inperfecta
1922 2887 2031 2935 sunt,
2076 2883 2293 2928 dicebatur
2331 2881 2536 2941 φρόντιζε
2564 2884 2622 2941 μὴ
2654 2918 2669 2929 ..
2698 2918 2706 2926 .

316 2946 454 3008 ἡγήσῃ
481 2950 604 2995 ποτέ.
650 2955 747 3006 post
773 2948 832 3010 μὴ
863 2952 1174 2996 substantivum
1205 2954 1350 2997 littera
1380 2958 1635 2998 consonante
1665 2955 1862 3008 incipiens
1892 2955 2161 3011 sequebatur,
2199 2953 2301 3011 μήδ’
2331 2960 2503 3011 propter
2533 2969 2706 3012 sequen-

316 3028 404 3068 tem
434 3025 620 3068 vocalem
650 3025 852 3078 scriptum
885 3027 960 3069 est.
1020 3026 1169 3079 Itaque
1198 3038 1306 3083 quae
1339 3026 1498 3070 codices
1529 3021 1684 3070 habent
1714 3028 1792 3070 hoc
1820 3026 1908 3071 fere
1934 3028 2055 3071 modo
2085 3033 2178 3072 orta
2210 3042 2301 3073 esse
2329 3030 2415 3073 aio:
2447 3027 2499 3074 σύ
2524 3030 2572 3074 δὲ

1528 3119 1532 3122 -
1554 3098 1737 3135 αὐθαδίαν

845 3140 1063 3186 πάπταινε
1093 3144 1165 3187 καὶ
1194 3142 1396 3203 φρόντιζε
1425 3162 1484 3203 μη
1517 3146 1775 3201 δυσβουλίαν

886 3214 1070 3274 εὐβουλίας

848 3278 1103 3320 φρονησεως
1137 3258 1326 3319 ἀμείνον’
1358 3261 1492 3321 ἡγήση
1521 3265 1645 3308 ποτέ.

322 3311 400 3373 Est
428 3331 604 3376 forsitan
640 3334 713 3386 qui
743 3346 797 3376 ne
826 3347 946 3388 posse
977 3336 1144 3389 quidem
1171 3336 1405 3385 huiusmodi
1436 3340 1539 3381 vitia
1569 3339 1702 3382 inesse
1731 3337 1842 3385 dicat
1871 3337 1912 3379 in
1945 3337 2082 3381 codice
2113 3338 2312 3390 Mediceo‚
2357 3339 2429 3392 qui
2459 3353 2511 3383 ex
2541 3341 2708 3384 vetusto

320 3402 461 3446 codice
490 3404 641 3449 litteris
668 3406 908 3450 maiusculis
937 3413 1111 3452 exarato
1139 3409 1374 3464 descriptus
1402 3410 1469 3454 sit.
1527 3410 1567 3453 Is
1609 3410 1739 3464 igitur
1781 3421 1818 3452 v.
1849 3421 1881 3451 c.
1922 3421 1976 3452 ex
2002 3410 2238 3453 conlatione
2280 3411 2395 3454 codd.
2426 3411 2582 3465 Vergil.
2610 3410 2706 3453 Rib-

323 3473 523 3520 beckiana
562 3478 706 3531 discat,
742 3480 869 3523 etiam
913 3479 1066 3524 litteris
1094 3483 1337 3529 maiusculis
1375 3483 1744 3538 grammaticorum
1775 3482 2069 3525 adnotationes
2110 3483 2210 3525 item
2241 3483 2480 3527 maiusculis
2509 3487 2708 3527 exaratas
