2930 3880
1453 364 1503 403 16

415 481 465 522 In
493 481 630 534 prima
659 481 1006 525 commentatione
1037 494 1072 525 V.
1101 484 1179 524 597
1211 479 1288 540 δὴν
1317 482 1371 539 δὴ
1400 482 1471 524 καὶ
1499 480 1623 538 φίλοι
1650 473 1785 536 ὦμεν·
1814 477 1922 539 ἆτάρ
1949 485 1985 526 τ’
2013 477 2206 526 ἄλλοισιν
2226 479 2382 538 ὁμίλει,
2409 484 2482 538 qui
2502 495 2540 527 V.
2562 486 2667 527 1243

285 553 342 597 Sic
372 554 554 607 scriptus
584 555 668 597 est:
704 550 781 610 δὴν
810 550 861 611 δὴ
891 553 962 596 καὶ
992 552 1114 611 φίλοι
1148 545 1288 609 ὦμεν·
1338 553 1476 598 ἔπειτ’
1506 547 1699 596 ἄλλοισιν
1730 550 1885 610 ὁμίλει,
1930 555 1983 598 ad
2011 555 2236 609 genuinam
2266 551 2464 599 formam:
2488 550 2591 610 ,δὴν
2619 549 2672 610 ἢν

286 623 357 667 καὶ
385 625 507 682 φίλοι
536 618 665 679 ὦμεν,
695 619 812 684 ὄὲφαρ
844 627 881 669 δ’
912 620 1104 670 ἄλλοισιν
1135 623 1278 681 ὁμίλει
1308 627 1454 671 reduxi
1485 627 1579 670 coll.
1606 627 1798 680 Apollon.
1829 619 1947 684 ἄφαρ
1977 626 2049 670 καὶ
2078 621 2175 670 οἷντὶ
2203 629 2287 670 τοῦ
2319 624 2485 670 ἔπειτα.
2517 625 2675 670 Eodem

287 698 408 740 modo
441 698 713 753 corrigendus
745 711 784 742 v.
818 702 911 751 425,
944 699 1015 752 qui
1045 700 1101 741 sic
1133 699 1172 740 in
1201 698 1316 742 codd.
1347 698 1532 752 Theogn.
1561 699 1740 752 scriptus
1773 699 1950 752 legitur:

821 766 1007 812 Πάντων
1034 769 1114 824 μὲν
1141 769 1200 826 μὴ
1230 771 1362 831 φῦναι
1396 768 1715 822 ἐπιχθονίοισιν
1744 762 1935 825 ἄριστον,

869 841 966 897 μηδ’
999 841 1157 884 ἐσιδεῖν
1185 835 1314 896 αὐγὰς
1344 834 1466 894 ὀξέος
1496 835 1661 897 ἦελίου·

814 910 952 970 φύντα
983 913 1019 956 δ’
1052 910 1177 963 ὅπως
1207 906 1370 956 ὤκιστα
1399 909 1538 964 πύλας
1566 907 1721 961 ἈΐδαοΙ
1746 915 1944 969 περῆσαι,

868 985 939 1027 καὶ
967 986 1143 1038 κεῖσθαι
1174 982 1344 1042 πολλήν
1371 986 1447 1042 γῆν
1476 982 1805 1041 ἐπιεσσάμενον.

285 1070 353 1112 ap.
383 1058 609 1102 Stobaeum
641 1059 830 1111 aliosque
862 1058 939 1100 hoc
969 1058 1112 1100 modo:

849 1124 984 1186 ἀρχὴν
1010 1128 1089 1182 μὲν
1117 1129 1178 1185 μή
1207 1130 1338 1186 φῦναι
1369 1129 1689 1183 ἐπιχθονίοισιν
1714 1123 1895 1185 ἄριστον
1921 1146 1958 1173 κ.
1980 1146 2015 1174 τ.
2036 1130 2073 1174 λ.

285 1201 372 1244 Hoc
402 1215 426 1244 a
453 1206 578 1256 poeta
615 1202 802 1255 quisquis
842 1200 971 1244 fuerit
999 1202 1199 1256 scriptum
1228 1206 1306 1246 est.
1383 1202 1501 1252 Quod
1533 1204 1661 1246 etiam
1698 1204 1843 1246 vocula
1870 1202 1949 1257 μὲν
1991 1206 2158 1246 narrat:
2200 1199 2381 1246 πάντων
2411 1217 2463 1247 ex
2501 1199 2678 1256 πάντως

284 1279 438 1328 ortum,
469 1270 648 1325 πάντως
665 1278 808 1317 autem
835 1275 1127 1328 interpretatio
1160 1278 1273 1319 vocis
1303 1269 1450 1331 οἷρχήν.
1484 1276 1607 1319 Hunc
1639 1277 1924 1322 accusativum
1954 1276 2218 1330 grammatici
2249 1276 2350 1330 (non
2377 1278 2480 1321 satis
2511 1276 2680 1331 quidem

284 1346 501 1400 adcurate)
534 1347 572 1388 in
600 1347 710 1390 hunc
743 1347 915 1390 modum
948 1350 1010 1398 (et
1037 1347 1146 1390 inter
1174 1359 1248 1390 nos
1277 1360 1352 1402 per
1377 1341 1594 1402 ‘omnin0')
1622 1349 1972 1403 interpretantur.
2031 1346 2090 1391 Cf,
2121 1347 2245 1402 Soph.
2279 1348 2431 1393 Electr.
2464 1362 2499 1393 v.
2518 1351 2622 1392 439:

812 1413 945 1476 ἀρχὴν
974 1419 1010 1462 δ’
1042 1415 1094 1461 ἂν
1125 1417 1163 1462 εἰ
1192 1417 1252 1476 μή
1284 1416 1603 1476 τλημονεστάτη
1632 1415 1734 1476 γυνὴ

866 1493 1022 1534 πασῶν
1053 1489 1247 1546 ἔβλαστε,
1277 1489 1407 1535 τάσδε
1437 1479 1662 1547 δυσμενεῖς
1692 1489 1796 1545 χοὰς

815 1559 892 1607 οὐκ
921 1564 974 1608 ἄν
1005 1565 1132 1619 ποθ’,
1164 1561 1213 1608 ὃν
1244 1565 1278 1620 γ’
1315 1561 1490 1619 ἔκτεινε,
1517 1565 1617 1621 τῷδ’
1650 1563 1878 1622 ἐπέστεφε.

283 1638 410 1682 schol.
444 1633 656 1691 καθόλου,
688 1637 818 1681 schol.
847 1638 873 1680 i.
906 1633 1030 1688 ὅλως.
1087 1637 1228 1692 Antig.
1261 1651 1300 1680 V.
1330 1640 1402 1680 92:

810 1704 945 1766 ἆρχήν
976 1709 1023 1752 δέ
1052 1712 1195 1766 θηρᾶν
1226 1703 1277 1753 οὗ
1307 1710 1469 1766 πρέπει
1502 1704 1734 1768 τάμήχανα.

281 1782 406 1825 Dind.
432 1778 559 1825 ‘idem
589 1781 677 1826 fere
706 1783 818 1835 quod
853 1776 1088 1826 omnino’.
1155 1783 1264 1826 Phil.
1296 1797 1333 1826 v.
1369 1786 1473 1826 1239
1513 1776 1647 1839 ἇρχὴν
1694 1778 1836 1824 κλύειν
1876 1777 1928 1823 ἂν
1959 1775 2048 1825 οὔδ’
2080 1777 2201 1835 ἅπαξ
2231 1779 2484 1838 ἐβουλόμην,
2523 1782 2667 1827 Herm.

1025 1875 1027 1878 ·
2090 1867 2215 1891 πανῐω

281 1904 321 1945 in
357 1902 451 1956 Vig.
493 1898 672 1946 ‘omnino
724 1915 776 1945 ne
825 1905 955 1946 semel
1006 1903 1174 1957 quidem
1223 1903 1430 1946 audivisse
1479 1896 1654 1947 vellem'.
1724 1902 1791 1946 Sic
1834 1903 1963 1958 igitur
2000 1915 2052 1946 ex
2099 1868 2234 1960 ἅρχὴιῗ
2252 1958 2254 1960 ¹
2283 1903 2362 1958 μὲν
2418 1899 2478 1960 μὴ
2536 1904 2672 1960 φῦναι

279 1991 316 2017 κ.
350 1990 386 2018 τ.
426 1974 463 2017 λ.
506 1976 687 2029 primum
711 1972 887 2026 πάντως
903 1975 992 2030 ’μὲν
1020 1971 1081 2031 μή
1108 1977 1240 2032 φῦναι
1273 1980 1411 2018 ortum
1443 1980 1520 2029 est,
1559 1976 1655 2019 dein
1700 1988 1780 2019 vox
1809 1973 1986 2029 ἄριστον
2015 1987 2145 2018 causa
2174 1975 2255 2018 fuit
2286 1979 2334 2019 ut
2361 1971 2541 2017 πάντων
2568 1976 2669 2020 scri-

279 2048 461 2092 beretur.
495 2049 653 2091 Locum
683 2049 919 2102 Antigonae
949 2049 1049 2091 dum
1079 2049 1239 2103 evolvo,
1268 2049 1310 2090 in
1339 2048 1489 2091 vicinia
1520 2048 1639 2091 video
1669 2059 1834 2091 versum
1866 2046 2265 2100 desperatissimum,
2297 2059 2433 2100 quem,
2467 2060 2561 2091 cum
2591 2047 2673 2091 huc

281 2134 414 2176 usque
444 2120 604 2165 frustra
634 2125 867 2176 temptatus
900 2122 966 2174 sit,
1002 2120 1046 2163 ἐν
1075 2117 1258 2177 παρόδῳ
1286 2121 1498 2175 corrigere
1529 2121 1664 2164 liceat.
1724 2121 1773 2164 In
1799 2120 1937 2163 verbis
1969 2119 2203 2173 Antigonae
2234 2133 2270 2163 v.
2301 2122 2375 2163 93:

812 2202 850 2247 εἰ
879 2206 1012 2246 ταῦτα
1040 2203 1188 2258 λέξεις,
1219 2203 1401 2259 ἐχθαρεῖ
1427 2203 1505 2258 μὲν
1534 2203 1582 2257 ἐξ
1610 2203 1732 2258 ἐμοῦ,

865 2273 1003 2331 ἐχθρὰ
1032 2275 1079 2319 δέ
1109 2278 1172 2333 τῷ
1198 2273 1382 2319 θανόντι
1410 2276 1661 2331 προσκείσει
1697 2276 1804 2333 δίκῃ.

282 2351 351 2394 alii
381 2351 465 2394 alia
495 2353 772 2403 temptarunt,
803 2350 1066 2393 Dindorfius:
1103 2345 1258 2403 ‘poeta‚
1292 2349 1440 2402 inquit,
1471 2350 1584 2394 haud
1613 2350 1737 2393 dubie
1765 2349 1990 2403 scripserat
2018 2345 2156 2402 ἐχθρὰ
2186 2347 2233 2390 δὲ
2260 2350 2323 2405 τῶ
2354 2344 2536 2392 θανόντι
2565 2364 2674 2403 προ-

280 2421 427 2481 στήσει
457 2418 605 2466 zdoec'.
636 2435 743 2477 quae
774 2423 889 2465 nihili
919 2427 1030 2466 sunt.
1092 2423 1303 2476 Antigona
1334 2422 1437 2465 nihil
1470 2424 1584 2467 aliud
1613 2423 1719 2467 dixit
1748 2435 1896 2476 quam:
1941 2421 2043 2464 mihi
2071 2422 2207 2464 invisa
2238 2422 2332 2475 eris,
2363 2422 2529 2466 inimica
2557 2434 2669 2466 mor·

276 2502 349 2541 tuo
380 2509 546 2552 quoque
576 2497 719 2539 audies
750 2496 840 2539 iure
870 2496 1032 2549 merito,
1065 2496 1177 2548 quod
1204 2507 1353 2550 graece
1383 2496 1442 2539 sic
1469 2496 1626 2540 dictum
1657 2499 1770 2539 erat:

1345 2579 1526 2635 ἐχθαρεῖ
1553 2578 1631 2634 μὲν
1661 2577 1708 2632 ἐξ
1733 2577 1853 2632 ἐμοῦ,

869 2649 1007 2707 ἐχθρὰ
1035 2651 1082 2695 δέ
1109 2654 1171 2708 τιῦ
1204 2649 1386 2695 θανόντι
1415 2648 1709 2708 προσακούσει
1740 2649 1852 2707 δίκῃ.

282 2737 400 2789 Quod
431 2750 556 2792 saepe
585 2737 743 2780 factum
775 2741 857 2781 est:
889 2737 994 2780 arsis
1025 2737 1163 2780 soluta
1194 2749 1322 2780 causa
1351 2738 1504 2780 er··101is
1533 2736 1635 2780 fuit:
1663 2734 1918 2790 προσκείσει
1946 2711 2022 2788 pro
2053 2730 2348 2788 προσακούσει
2393 2733 2668 2777 scribebatur.

277 2811 401 2854 Vocis
430 2809 539 2868 δίκῃ,
572 2822 698 2863 quam
730 2811 982 2863 Dindorfius,
1015 2811 1070 2854 ad
1099 2810 1473 2855 commendandam
1503 2811 1589 2853 scil.
1628 2821 1748 2852 suam
1774 2807 2122 2860 emendationem,
2168 2818 2284 2851 more
2327 2817 2408 2850 suo
2440 2806 2674 2849 cavillatur

279 2879 515 2939 (inutiliter
545 2886 586 2926 et
617 2895 746 2938 prope
775 2885 914 2937 inepte
942 2884 1131 2927 additum
1162 2882 1258 2940 δίκῃ
1289 2917 1297 2926 .
1329 2916 1338 2925 .
1373 2915 1382 2925 .
1412 2895 1495 2936 quo
1526 2881 1801 2935 interpolator
1830 2879 2008 2922 duarum
2048 2879 2306 2934 syllabarum
2349 2877 2557 2921 defectum
2601 2891 2670 2922 ex·

228 2960 231 2964 ’
277 2950 440 3010 plevit')
468 2957 539 3000 vix
567 2967 672 3012 opus
702 2960 766 2999 est
798 2957 988 3010 exempla
1016 2955 1192 3000 adferre.
1253 2955 1395 2999 dicunt
1423 2951 1500 2999 σῦν
1529 2954 1638 3012 δίκῃ,
1670 2951 1714 2995 ἐν
1745 2951 1854 3008 δίκῃ,
1884 2949 1992 3007 δίκῃ.
2047 2963 2098 2993 ne
2137 2951 2230 3003 quis
2271 2950 2323 2994 de
2353 2949 2558 3003 Sophocle
2594 2950 2671 2993 du-

280 3030 387 3074 bitet
415 3029 465 3073 cf.
489 3030 644 3073 Electr.
674 3042 712 3071 v.
742 3031 817 3071 561
851 3028 958 3084 λέγω
989 3029 1037 3072 δέ
1067 3043 1139 3072 σοι
1169 3025 1229 3079 ὡς
1259 3023 1310 3071 οὗ
1341 3027 1436 3084 δίκῃ
1482 3027 1515 3083 γ’
1547 3023 1750 3075 ἔκτεινας,
1793 3036 1830 3066 v.
1867 3025 1974 3064 1212
2012 3023 2110 3072 πῶς
2147 3019 2224 3064 τὸν
2261 3017 2436 3065 θανόντ’
2478 3015 2672 3079 ἀδελφὸν

281 3099 331 3147 οὗ
362 3103 458 3160 δίκῃ
487 3101 622 3145 στένω
633 3118 646 3153 ,-
675 3105 778 3144 v.69
811 3098 862 3145 σύ
893 3102 929 3143 τ’
961 3093 996 3144 ὦ
1028 3104 1236 3158 πατρῷον
1261 3101 1403 3156 δῶμα·
1435 3102 1515 3143 σοῦ
1543 3096 1621 3155 γὰρ
1654 3095 1833 3153 ἔρχομαι
1863 3094 1959 3151 δίκῃ
1990 3091 2213 3151 καθαρτὴς
2242 3091 2358 3149 πρὸς
2386 3095 2509 3137 θεῶν
2527 3089 2669 3150 ὥρμη-

281 3176 419 3229 μένος,
453 3178 506 3220 al.
534 3171 697 3228 Ἔχθροὶ
729 3173 775 3217 δέ
804 3176 865 3231 τῷ
892 3171 1075 3217 θανόντι
1104 3171 1400 3230 προσακούσει
1427 3174 1536 3216 idem
1566 3175 1632 3216 est
1660 3176 1788 3223 atque
1817 3167 1889 3210 καὶ
1918 3166 2032 3223 πρὸς
2058 3168 2120 3222 (et
2147 3167 2385 3222 praeterea)
2405 3168 2467 3224 τῷ
2487 3162 2670 3209 θανόντι

283 3246 419 3303 ἐχθρὰ
448 3242 639 3299 ἀκούσει,
670 3247 781 3300 quod
811 3248 936 3302 vulgo
964 3248 1119 3291 dicitur
1146 3244 1285 3302 ἐχθρὰ
1313 3245 1360 3289 δὲ
1390 3246 1462 3288 καὶ
1490 3247 1552 3303 τῷ
1583 3240 1764 3288 θανόντι
1792 3235 1970 3286 ἀκούσει
2004 3241 2076 3296 (de
2115 3241 2193 3284 hoc
2232 3252 2312 3283 usu
2352 3239 2670 3294 praepositionis

281 3315 394 3372 πρός
414 3319 464 3362 cf.
487 3320 626 3374 hymn.
647 3320 686 3362 in
703 3318 841 3362 Cerer.
859 3332 896 3361 v.
912 3320 993 3360 413
1015 3315 1175 3372 ἐζιιβαλέ
1194 3335 1271 3373 μοι
1291 3320 1412 3376 ῥοιῆς
1431 3314 1599 3371 κόκκον,
1629 3314 1814 3372 μελιηδέ’
1848 3310 2026 3370 ἐδωδήν,
2052 3312 2241 3356 ἄκουσαν
2270 3311 2318 3356 δὲ
2348 3312 2421 3370 βίῃ
2450 3327 2504 3367 με
2533 3323 2667 3364 προσ·

284 3387 517 3446 ηνάγκασσε
548 3387 791 3434 πάσασθαι,
850 3390 974 3445 Soph.
1004 3390 1109 3434 Phil.
1140 3403 1177 3433 v,
1208 3394 1259 3434 76
1290 3387 1392 3435 ὥστ’
1423 3386 1470 3434 εἴ
1490 3406 1546 3446 με
1575 3386 1716 3444 τόξων
1747 3383 1951 3445 ἐγκρατὴς
1987 3382 2261 3443 αἰσθήσεται,
2311 3385 2456 3429 ὄλωλα
2499 3382 2569 3426 καὶ
2611 3379 2661 3424 σὲ
